2542 3900
142 244 184 310 dd
436 244 474 305 11.
494 241 584 304 IUN.
607 238 876 303 IUVENALIS

141 413 198 475 Dis
217 409 273 472 ille
293 408 429 471 adversis
452 411 572 490 genitus
594 408 721 488 istoque
743 408 884 486 sinistro,
1068 446 1072 455 -

144 498 243 574 Quem
263 501 369 576 poter,
391 493 529 555 ardentis
548 510 665 553 mussse
685 490 815 571 iuligine
832 490 954 573 lippus,
1122 502 1174 557 100

143 582 172 641 A
193 582 326 640 carbone
347 586 380 639 et
400 579 571 658 forcipibus
591 575 771 657 gladiosque
789 583 918 658 perunte

144 663 259 724 lneude
281 669 313 723 et
332 662 420 723 luteo
440 661 580 724 Vulcano
604 660 644 720 sd
664 662 791 721 rhetore
812 662 918 722 misit.⁴
1030 692 1035 705 ι

185 746 343 808 Bellorum
365 748 506 824 muriae,
527 747 645 805 truncis
667 744 757 804 affixo
776 746 914 825 tropaeis
1017 760 1021 767 ·

16 848 18 853 ’
143 832 255 893 Lorios
276 837 309 892 et
328 832 429 891 fructu
449 829 488 890 de
510 827 628 889 casside
650 828 779 889 buccula
797 828 938 909 pendens

143 916 186 977 Et
207 922 327 976 curtum
343 922 469 976 temone
489 916 594 993 iugum
613 914 773 991 ulcusque
795 914 932 973 triremis
1122 920 1173 976 130

144 997 295 1081 Aplustre
314 1005 348 1059 et
367 1018 484 1060 summo
504 999 604 1058 tristis
626 999 762 1077 captivus
783 997 815 1056 in
837 1017 911 1057 srcu

91 1130 98 1143 .
143 1084 293 1145 llumonis
313 1085 428 1144 maiore
447 1084 537 1143 bonis
559 1080 737 1143 creduntur.
781 1079 830 1142 Ad
850 1083 910 1141 hoc
932 1099 966 1141 se

143 1168 297 1229 Romanus
319 1168 492 1244 Graiusque
514 1186 549 1226 sc
570 1167 719 1226 burburus
739 1164 942 1246 induperator

143 1252 270 1313 Erexit:
291 1271 395 1312 cousus
417 1249 602 1310 discriminis
625 1256 717 1329 etque
737 1247 853 1309 laboris

143 1334 220 1395 Inde
241 1336 357 1397 hahuit.
402 1333 504 1394 Tsnto
525 1334 622 1393 msior
643 1334 742 1393 fcmse
763 1334 831 1393 sitis
853 1341 916 1407 est,
940 1351 1029 1411 quern
1123 1341 1172 1394 110

90 1426 104 1453 ‘
143 1418 287 1481 Virtutis.
331 1418 406 1496 Quis
426 1418 508 1478 enim
527 1419 672 1477 virtutem
694 1415 890 1497 amplectitur
907 1419 1020 1497 ipsum,

144 1502 287 1562 Prsemic
306 1505 333 1563 si
353 1500 471 1562 tollas?
491 1502 621 1582 putrium
640 1508 744 1561 tumen
765 1502 869 1561 obruit
887 1500 960 1562 olim

145 1583 255 1646 Gloria
274 1606 441 1668 paucorum
463 1592 496 1646 et
514 1584 615 1646 leudis
636 1584 780 1664 titulique
803 1583 914 1665 cupido

144 1670 278 1730 lluesuri
300 1673 379 1732 suuis
399 1672 538 1730 cinerum
558 1667 753 1747 custodibus,
775 1668 813 1729 sd
834 1686 912 1749 qnae

143 1753 347 1816 Discutiends
366 1753 473 1815 volent
493 1752 611 1815 sterilis
631 1752 711 1814 mols
732 1755 845 1813 roboro
864 1754 958 1830 dous,
1122 1764 1173 1817 140

145 1838 402 1919 Quandoquidem
422 1838 493 1899 date
514 1843 585 1899 sunt
605 1840 681 1918 ipsis
704 1856 825 1918 quoque
845 1837 909 1897 iate
929 1833 1092 1916 sepulcris.

143 1913 302 2004 ExpendeJ
316 1922 536 1983 Hannibalern:
558 1929 634 2001 quot
654 1920 750 1982 libros
771 1924 804 1981 in
825 1921 904 1981 duee
925 1940 1040 1982 summo

143 2007 308 2068 Invenies?
326 2008 378 2066 hic
400 2012 465 2083 est,
487 2023 578 2084 quem
599 2025 662 2064 non
682 2009 764 2086 cupit
783 2005 889 2065 Africo
910 2005 1020 2067 Mauro

144 2090 296 2150 Percussa
317 2090 441 2149 Oceano
459 2088 591 2167 Niloque
613 2089 733 2149 admotu
753 2090 890 2169 tepenti,

144 2173 262 2234 Rursus
283 2172 322 2232 sd
342 2174 530 2253 Aethiopum
549 2173 681 2253 populos
702 2173 839 2252 aliosque
859 2172 1049 2254 elephantos.
1122 2185 1175 2239 loo

144 2254 280 2319 Additur
299 2259 439 2338 imperiis
460 2257 625 2337 Hisponis,
646 2257 839 2337 Pyrenaeum

146 2341 315 2418 Trunsilit3
337 2344 481 2423 opposuit
503 2348 612 2402 netnro
633 2340 806 2422 Alpemque
827 2343 1006 2422 niremqnet

142 2424 271 2486 Diduoit
291 2427 432 2508 scopulos
455 2433 488 2487 et
504 2433 640 2488 montem
659 2428 775 2506 rumpit
795 2432 891 2486 aceto.

25 2534 27 2537 ·
143 2510 208 2571 lom
228 2516 318 2570 tenet
337 2509 471 2587 Italiam,
492 2516 595 2571 tumen
613 2509 697 2570 ultre
717 2528 851 2590 pergere
871 2510 989 2585 tendit;

144 2594 272 2669 Actum,
292 2595 410 2672 inquit,
430 2592 509 2653 nihil
530 2603 593 2669 est,
615 2595 676 2654 nisi
696 2595 801 2655 Poeno
822 2592 920 2655 milite
939 2600 1046 2675 portes
1124 2604 1174 2658 105

144 2676 328 2755 Frangimus
349 2683 382 2736 et
402 2675 504 2737 medis
523 2676 670 2738 vexillum
688 2698 770 2758 pono
793 2679 920 2739 Subura,

145 2762 175 2821 0
196 2759 292 2839 qualis
309 2760 406 2822 iceles
428 2767 460 2821 et
483 2760 564 2841 quoii
585 2759 677 2841 dignu
698 2760 830 2842 tabella,

145 2845 247 2920 Quum
265 2843 396 2906 Gaetulo
417 2845 527 2907 ducem
547 2853 689 2927 portaret
708 2845 813 2909 bellus
833 2846 967 2907 luscum!

144 2929 253 2991 Exitus
274 2948 348 3009 ergo
370 2933 438 3011 quis
460 2931 530 2992 esti
551 2950 568 2991 o
590 2929 704 3010 glorie!
723 2933 856 2992 vincitur
876 2929 959 2990 idom

144 3011 263 3093 Nempe
278 3016 356 3074 etin
371 3013 512 3076 exsilium
526 3034 676 3097 praeceps
690 3017 771 3096 fugit
785 3024 877 3095 utque
893 3017 938 3075 ibi
950 3031 1076 3094 mugnus
1122 3020 1176 3079 100

70 3106 74 3111 ’
144 3095 368 3177 Mirandusque
389 3097 488 3161 cliens
506 3098 597 3161 sedet
617 3099 657 3160 sd
677 3102 835 3181 praetoris
855 3101 955 3178 regis,

143 3180 251 3242 Donec
271 3181 405 3262 Bithyno
426 3182 522 3244 libert
539 3183 669 3264 vigilare
690 3192 832 3264 tyranno.

145 3265 256 3325 Finem
278 3267 411 3343 enimse,
435 3286 514 3347 quse
534 3287 585 3328 res
607 3270 752 3329 humanos
773 3268 897 3328 miscuit
917 3268 1006 3347 olirn,

145 3349 215 3408 Non
236 3347 345 3428 gladii,
367 3370 430 3409 non
450 3371 521 3411 sexu
541 3351 674 3430 debunt,
696 3372 758 3412 non
777 3351 858 3429 telo,
878 3352 934 3415 sed
952 3350 1009 3413 ille
1251 3392 1252 3433 ι

147 3431 319 3495 censorum
340 3432 452 3494 vindex
474 3453 509 3495 sc
530 3438 609 3496 tenti
631 3437 785 3515 sanguinis
804 3434 888 3496 ultor
918 3490 930 3513 ,
1126 3445 1178 3501 16⁶
1251 3438 1252 3461 ¹

146 3514 295 3580 Annulus.
338 3518 368 3598 1,
390 3516 533 3597 demens,
555 3526 589 3579 et
609 3538 714 3580 nevus
735 3539 827 3582 curre
846 3538 905 3602 per
926 3518 1039 3601 Alpes,
