2542 3900
512 260 714 327 sanila
739 259 777 323 X.

43 446 51 455 ’
129 431 175 495 Uo
191 430 299 511 pueris
319 426 441 509 placere
463 434 496 489 et
514 427 694 491 declamatio
716 430 787 491 iias!

129 515 216 576 Unus
237 511 365 574 Pellaeo
383 514 487 572 iuveni
507 531 569 573 non
590 514 706 573 sufficit
727 514 827 587 orbis3

128 600 263 660 Aestuat
282 595 390 657 infelix
408 602 536 674 angusto
557 595 656 657 limite
677 597 798 674 mundi,

128 683 176 743 Ut
197 682 327 761 Gyarae
339 679 457 741 clausus
479 678 614 761 scopulis
634 700 788 761 parvaque
801 682 951 763 Seripho:
1104 694 1157 751 170

131 767 235 842 Quum
253 772 354 827 tomen
375 786 393 825 a
413 762 516 842 ligulis
536 766 682 826 munitam
699 767 863 828 intramrlt
879 769 1004 844 urbem,

133 850 328 931 Sarcophago
349 854 513 911 contentus
534 850 604 908 erit.
647 849 735 909 Mors
757 849 823 910 sola
843 851 977 929 fatetur,

135 931 285 1009 Quantula
306 935 369 994 siut
387 934 543 995 hominum
565 933 752 1012 corpuscula.
797 934 944 995 creditur
966 935 1038 995 olim

132 1015 313 1079 Veliiicatus
334 1017 434 1077 Athos
456 1023 504 1094 et,
526 1013 676 1095 quidquid
698 1018 828 1078 Graecia
849 1019 979 1086 mendax

131 1099 236 1161 Audet
254 1103 287 1161 in
308 1101 454 1178 historia,
475 1105 662 1161 constratum
683 1100 830 1163 classibus
849 1100 948 1162 isdem
1104 1112 1156 1168 175

133 1184 392 1265 Suppositumque
410 1186 488 1245 rotis
509 1182 641 1244 solidum
661 1203 763 1260 mere3
783 1185 937 1247 credimus
958 1186 1035 1247 altos

128 1269 291 1331 Defecisse
313 1286 417 1329 amnes
438 1274 591 1348 epotaque
612 1269 737 1329 flumina
756 1269 854 1332 Medo

127 1351 325 1430 Prandente,
347 1359 380 1413 et
400 1352 529 1415 madidis
551 1358 654 1415 cantat
674 1373 752 1432 quae
773 1355 930 1416 Sostratus
951 1351 1018 1419 alis.

127 1436 187 1497 llle
208 1444 312 1496 tamen
334 1435 432 1515 qualis
453 1436 564 1514 rediit,
587 1436 739 1498 Salamiua
761 1438 888 1517 relicta,

126 1522 163 1582 ln
185 1521 300 1581 (iorum
321 1526 414 1599 atque
435 1520 552 1582 Eurum
572 1520 680 1583 solitus
701 1524 820 1583 saevire
841 1521 972 1601 flagellis
1105 1532 1157 1587 180

6 1610 7 1613 ’
127 1606 299 1682 Barbarus,
320 1604 430 1667 Aeolio
450 1623 614 1683 numquam
635 1606 695 1665 lroc
716 1607 749 1666 in
770 1625 896 1667 carcere
917 1627 1040 1687 passos,
1142 1650 1149 1659 ,

126 1690 233 1769 lpaum
253 1687 451 1770 compedibus
473 1689 526 1768 qui
546 1689 686 1750 vinxerat
705 1691 954 1769 Ennosigaeum?

6 1770 7 1823 ἲ
128 1772 240 1833 Mitius
260 1770 294 1832 id
315 1792 404 1850 sane,
426 1772 509 1852 quod
528 1791 591 1832 non
611 1779 644 1833 et
665 1775 807 1852 stigmate
827 1774 952 1853 dignum

6 1894 7 1899 κ
132 1855 284 1918 Credidit.
326 1858 407 1919 Huic
428 1858 587 1936 quisquam
607 1855 704 1918 vellet
723 1860 841 1918 servire
862 1857 1012 1919 deorum‘.l

133 1939 199 2000 Sed
220 1939 316 2019 qualis
336 1941 453 2001 rediit‘t
473 1958 585 2021 nempe
607 1961 668 2002 uns
687 1961 779 2021 nare,
798 1944 939 2010 [cruentis
1041 1978 1046 1991 ι
1104 1951 1155 2007 185

128 2023 291 2105 Fluctibus
313 2045 348 2089 oo
367 2024 456 2087 tarda
475 2043 535 2105 per
556 2024 653 2087 densa
673 2026 821 2089 cadavera
840 2047 943 2108 prora.

128 2110 194 2173 Has
217 2111 310 2170 toties
331 2116 436 2191 optata
457 2111 561 2189 exegit
582 2109 680 2189 gloria
699 2112 830 2191 poenas!
1072 2176 1075 2182 ,

173 2193 219 2253 Da
239 2195 372 2274 spatium
390 2195 488 2271 vitae,
509 2193 621 2255 multos
644 2192 699 2272 ds,
718 2196 877 2276 luppiter,
899 2197 1009 2256 annos!

130 2277 200 2337 Hoc
219 2285 305 2338 recto
324 2276 411 2339 vultu
432 2277 546 2355 solum,
565 2279 624 2338 hoc
645 2286 678 2338 et
697 2278 832 2358 pallidus
854 2285 950 2356 optas.

6 2380 7 2383 ¹
132 2360 197 2420 Sed
219 2381 306 2440 quam
327 2363 478 2423 continuis
500 2368 533 2422 et
554 2363 675 2440 quantis
695 2360 788 2440 longa
809 2366 952 2421 senectus
1064 2368 1155 2425 ·190

6 2428 7 2511 Ῐ
129 2442 229 2504 Plena
248 2445 350 2506 malis!
372 2444 543 2521 deformem
564 2450 597 2505 et
616 2451 732 2505 tetrum
754 2450 826 2507 ante
846 2447 947 2506 omnia
967 2443 1082 2504 vultum

128 2529 376 2608 Dissimilcmquc
397 2532 460 2608 sui,
483 2529 654 2590 deformem
673 2549 731 2610 pro
753 2536 823 2590 cute
844 2527 960 2611 pellem

127 2612 370 2694 Pendentesquc
392 2620 485 2693 genas
507 2620 541 2674 et
561 2613 641 2675 tales
662 2616 765 2694 aspice
785 2633 893 2694 rugas,

129 2697 259 2775 Quales,
280 2699 466 2760 umbriferos
487 2700 540 2759 ubi
561 2697 668 2778 pandit
691 2698 831 2760 'lobraca
850 2697 960 2776 saltus,

128 2782 165 2843 ln
185 2780 288 2842 vetula
308 2781 419 2865 scalpit
438 2784 498 2845 iam
520 2791 618 2845 mater
639 2783 726 2843 simia
743 2785 847 2845 bucca.
1021 2783 1023 2789 ’
1104 2787 1156 2843 195

128 2866 266 2927 Plurima
287 2874 358 2928 sunt
376 2870 520 2928 iuvenum
541 2867 733 2940 discrimina;
753 2866 915 2947 pulchrior
934 2865 991 2927 ille

6 3014 8 3029 ‚
127 2950 215 3027 Hoc,
236 2956 328 3030 atque
348 2951 403 3015 illo
424 2949 502 3028 alio,
523 2948 652 3012 multum
673 2951 724 3012 hic
746 2952 903 3012 robustior
922 2949 992 3011 illo:

128 3034 199 3094 Una
219 3052 326 3094 senum
346 3037 460 3114 iacies,
480 3054 549 3113 qum
568 3053 645 3096 voce
664 3037 830 3095 trementia
851 3036 988 3096 membra

127 3118 171 3177 Et
191 3119 251 3178 iam
270 3116 341 3179 leve
362 3127 454 3202 caput
473 3118 650 3198 madidique
671 3118 801 3180 infantia
821 3121 896 3182 nasi.

127 3201 331 3282 Frangendus
351 3207 465 3267 misero
487 3203 607 3283 gingiva
626 3203 714 3283 ponis
733 3205 863 3264 inermis
1103 3207 1157 3263 lot

127 3287 235 3365 Usque
256 3286 334 3346 adeo
355 3291 455 3366 gravis
475 3289 564 3351 orori
583 3289 726 3366 natisque
748 3289 885 3366 sibique,

127 3371 172 3432 Ut
193 3373 346 3452 captatori
365 3380 485 3435 moveat
505 3369 631 3434 fastidia
652 3372 758 3431 Cosso.

126 3454 197 3515 Non
217 3454 326 3515 eadem
345 3457 408 3517 vini
429 3464 521 3537 atque
541 3457 618 3533 cibi,
639 3461 786 3535 torpente
807 3453 926 3535 palato,

128 3538 263 3614 Gaudia3
284 3558 355 3603 nam
375 3542 474 3617 coitus
491 3544 553 3603 iam
572 3539 664 3617 longa
683 3535 812 3618 oblivio,
833 3538 884 3598 vel
902 3539 931 3598 si
