2530 3900
296 717 340 810 o.
371 711 517 812 mmo
553 706 868 842 rovuosms

425 859 742 956 llllJlNlTlS

181 1010 999 1134 spumosum

404 1207 548 1272 LIBER
578 1207 762 1272 PRlllUS.

479 1385 689 1394 ...—

400 1509 701 1585 SATIRA
739 1515 767 1581 1.

66 1613 210 1744 semper
233 1682 291 1743 ego
313 1661 435 1724 auditor
454 1665 596 1725 tautum?
617 1681 821 1743 numquamne
843 1681 1007 1744 reponam,

63 1750 203 1811 Venatus
222 1750 316 1808 toties
337 1749 424 1807 rauci
444 1748 601 1809 Theseide
624 1748 742 1809 (lodrl‘l

65 1833 195 1912 Impune
217 1850 292 1910 ergo
314 1831 391 1890 mihi
410 1834 590 1894 recitaverit
609 1832 665 1894 ille
686 1837 822 1909 togatas,

64 1918 128 1977 Hie
150 1914 280 1994 elegos?
300 1917 425 1995 impune
446 1915 530 1976 diem
551 1917 777 1998 consumpserit
796 1917 906 1993 ingens

66 1999 247 2080 Telephus,
269 2005 321 2059 aut
339 2001 447 2060 summi
467 2000 562 2081 plena
581 2004 642 2062 iam
662 2003 800 2080 margine
822 1998 897 2061 libri
1081 2006 1098 2060 5

65 2085 207 2164 Scriptus
229 2090 263 2144 et
280 2084 314 2143 iu
332 2089 441 2164 tergo,
461 2105 522 2147 nec
545 2086 617 2146 dum
638 2087 759 2164 finitus,
780 2085 932 2147 Orestes?

107 2169 188 2229 Nota
207 2170 303 2247 magis
324 2167 402 2229 nulli
425 2169 533 2231 domus
554 2177 603 2231 est
624 2190 692 2248 sua,
714 2190 805 2250 quam
825 2171 900 2231 mibi
920 2167 1008 2231 lucus

63 2253 177 2313 Martis
195 2259 227 2312 et
248 2249 367 2313 Aeoliis
388 2255 522 2315 uicinum
537 2256 666 2335 rupibus
688 2261 810 2315 autrum

64 2335 204 2399 Volcani.
234 2336 316 2413 Quid
336 2344 427 2416 agant
445 2339 547 2416 venti,
570 2359 643 2417 quas
662 2345 807 2418 torqueat
823 2339 945 2399 umbras

62 2422 202 2498 Aeacus,
223 2420 305 2481 uude
325 2421 402 2482 alius
421 2423 556 2483 furtivae
578 2422 711 2484 devehat
731 2441 839 2483 aurum
1064 2426 1098 2481 lo

62 2502 251 2584 Pelliculae,
273 2512 401 2584 quantas
421 2505 574 2567 iaculetur
594 2508 767 2587 Monychus
787 2525 896 2583 ornos,

62 2589 232 2650 Frontonis
250 2589 367 2670 platani
386 2588 591 2671 convulsaque
610 2611 763 2653 marmora
781 2589 913 2653 clamant

63 2673 195 2755 Semper
215 2679 248 2734 et
270 2673 392 2734 assiduo
413 2682 524 2756 ruptae
545 2676 666 2737 lectore
688 2675 861 2737 columnae:

61 2758 234 2837 Exspectes
255 2758 363 2818 cadem
384 2780 401 2818 a
422 2779 538 2819 summo
560 2762 747 2840 minimoque
765 2765 866 2845 poeta.

104 2842 147 2903 Et
164 2862 222 2902 uos
244 2861 320 2921 ergo
341 2860 462 2903 manum
480 2844 601 2906 ferulae
623 2844 837 2921 subduximus,
857 2848 890 2903 et
912 2862 968 2904 nos
1063 2848 1098 2905 15

62 2925 235 2987 Consilium
256 2926 398 2988 dedimus
420 2926 542 3007 Sullae,
563 2932 700 3011 privatus
721 2928 872 2990 ut·altum

61 3009 231 3074 Dormiret.
259 3011 360 3072 Stulta
381 3019 429 3072 est
450 3011 631 3092 clementia,
655 3035 747 3094 quum
769 3019 817 3075 tot
830 3014 944 3092 ubique

60 3094 191 3157 Vatibus
214 3114 374 3175 occurras,
394 3099 553 3177 periturae
574 3116 705 3180 parcere
727 3099 861 3159 chartae.

62 3179 126 3239 (lur
145 3187 248 3240 tamen
269 3181 329 3241 boc
349 3183 452 3262 potius
473 3182 570 3243 libeat
593 3182 762 3244 decurrere
783 3201 908 3262 eampo,

59 3261 124 3324 Per
146 3285 238 3344 quem
258 3283 383 3343 magnus
405 3285 501 3346 equos
523 3268 686 3328 Auruncae
707 3270 795 3329 flexit
817 3265 972 3345 alumnus,
1061 3272 1099 3326 20

60 3348 95 3408 Si
116 3355 203 3409 vacat
225 3354 258 3410 et
277 3348 393 3429 placidi
415 3353 567 3412 rationem
589 3351 767 3429 admittitis,
790 3350 888 3412 edam.

59 3432 161 3509 Quum
181 3440 272 3494 tener
294 3452 420 3494 uxorem
441 3435 533 3496 ducat
551 3434 664 3515 spado,
684 3437 805 3497 Maesia
828 3435 962 3494 Tuscum

59 3514 151 3597 Figat
168 3538 274 3599 aprum
296 3524 329 3578 et
350 3517 433 3579 nuda
450 3525 557 3580 teneat
579 3519 728 3580 venabula
750 3537 894 3590 mamma;

102 3618 164 3662 mv.
183 3619 249 3662 ssu.
907 3603 923 3655 1
