2530 3900
143 221 188 285 ld
440 220 477 282 1).
498 219 588 282 IUN.
610 219 872 285 iuventus

143 390 272 452 Instruit
293 406 368 468 ergo
386 385 491 449 loom
509 387 681 468 proviuoiaa
703 387 832 451 annuitur
849 387 936 453 illiue

144 473 235 553 Quod
255 478 394 553 captator
416 478 497 533 emat
517 471 635 548 Lean,
654 470 782 531 Aurelia
803 472 924 535 vendat.

143 558 272 622 Virroni
292 574 438 618 muraena
459 556 565 633 datur,
587 573 666 634 quae
686 557 813 617 maxima
833 558 919 618 venit
1254 622 1255 635 ἶ

145 642 276 721 Gurgite
298 639 338 702 de
360 639 482 714 Siou103
504 659 589 716 aram,
611 638 683 698 dum
701 658 736 699 ae
757 642 897 701 eontinet
916 642 1048 721 Auster,
1121 653 1179 711 loo

144 727 224 786 Dum
244 724 335 787 aedet
356 731 389 786 et
409 725 506 784 aioeat
526 722 663 784 madidae
683 725 717 783 iu
738 742 864 785 earcere
885 744 1020 805 pennae,

144 812 354 872 Contemnunt
374 807 507 868 mediam
527 809 693 869 temeraria
712 807 775 867 lina
796 808 993 888 Charybdim

143 895 208 958 Voa
229 892 364 973 anguilla
383 900 489 953 manet
506 892 619 972 longae
642 898 771 970 cognata
791 892 952 973 oo'lubrae,

143 980 207 1039 Aut
227 977 326 1056 glaeie
347 972 489 1058 aspersus
510 976 636 1039 maculis
653 976 824 1037 'Tiberinus
845 979 962 1060 etipse

143 1060 284 1126 Vernula
304 1063 455 1142 riparum,
475 1061 600 1142 pinguia
617 1065 762 1121 torrente
783 1060 904 1141 cloaca,
1121 1074 1176 1128 led

68 1186 70 1193 ι
142 1147 185 1209 Et
206 1144 314 1205 solitus
334 1144 454 1207 mediae
476 1153 616 1226 cryptam
634 1151 801 1225 penetrare
823 1145 971 1208 Suburae.

183 1229 246 1309 ipsi
266 1250 363 1310 panea
382 1228 492 1307 velim,
512 1229 637 1290 iaoilern
657 1231 684 1289 ai
704 1231 854 1308 praebeat
870 1250 996 1291 aurem:

141 1314 239 1375 Nemo
260 1316 357 1395 petit,
378 1314 507 1375 modiola
529 1332 607 1393 quae
629 1314 830 1373 mittebantur
852 1316 956 1375 amieis

142 1399 171 1458 A
191 1398 326 1478 Seneca,
347 1416 425 1477 quae
446 1399 518 1458 Piao
538 1400 653 1473 bouus,
674 1415 752 1475 quae
775 1399 867 1458 Gottn
887 1397 1009 1461 solebat
1069 1450 1070 1453 ,

140 1481 280 1561 Largiri3
301 1501 432 1561 namque
455 1488 488 1543 et
507 1481 607 1542 titulia
628 1486 662 1541 et
681 1481 815 1541 iaaoibua
838 1481 910 1543 olim

141 1567 245 1627 Maior
263 1567 434 1628 habebatur
454 1565 589 1628 donandi
609 1565 722 1644 gloria:
743 1564 843 1626 nolum

141 1650 317 1729 Porrima,
338 1657 373 1712 ut
392 1670 504 1712 ooeuea
526 1648 669 1710 civiliter.
705 1650 774 1710 Hoo
790 1650 858 1710 fare
880 1656 914 1711 et
934 1656 1019 1730 eato,

58 1775 60 1778 ⁴
141 1734 235 1812 Esto,
256 1741 291 1795 ut
311 1755 393 1795 nuno
414 1736 518 1814 multi,
540 1734 625 1795 diver
645 1734 720 1812 tibi,
739 1754 856 1815 pauper
878 1736 997 1797 amicir!

182 1821 311 1879 Anseris
333 1825 405 1879 aute
426 1822 526 1901 ipsum
546 1821 647 1898 magni
667 1820 771 1897 ieeur,
793 1821 951 1881 anseribua
970 1838 1027 1899 par

141 1901 247 1962 Altilia
268 1910 302 1963 et
320 1904 391 1962 flavi
409 1903 519 1982 dignus
538 1905 625 1964 lerro
644 1902 799 1981 Meleagri

136 1987 252 2046 ‘Fumat
272 2004 364 2065 aper;
384 1994 455 2067 pont
476 1989 558 2048 buno
577 1986 728 2046 radantur
747 1988 875 2062 tubera,
895 1988 923 2046 ai
943 2004 998 2049 ver

141 2070 232 2129 Tune
253 2071 330 2148 erit,
353 2077 387 2130 et
406 2071 523 2131 faoieut
543 2076 647 2151 optata
667 2071 804 2129 tonitrua
826 2087 937 2131 ooenaa

141 2153 289 2217 Maiores,
332 2154 373 2213 Ti
396 2156 404 2172 '
426 2156 506 2214 habe
527 2148 730 2232 frumentum,
753 2151 895 2215 Alledius
912 2155 1029 2235 iuquit,

141 2237 170 2297 0
190 2236 305 2317 Libye3
327 2237 374 2298 dia
408 2258 468 2319 nge
485 2240 597 2318 borea,
619 2238 690 2298 dum
710 2240 822 2301 tubera
841 2240 958 2301 mittaa!

141 2320 334 2382 Structorem
354 2326 490 2403 interea,
512 2343 552 2384 ne
575 2343 633 2404 qua
653 2322 823 2402 indignatio
842 2322 940 2403 deait,
1042 2342 1048 2346 ·

141 2405 452 2489 Saltautemnpeotaa
474 2416 508 2469 et
529 2411 762 2469 chironomunta
782 2407 900 2469 volanti

140 2489 292 2570 cultello,
315 2491 415 2553 donee
435 2501 563 2573 peragat
582 2492 698 2553 dietata
717 2494 856 2571 magistri

139 2573 265 2649 (imnie3
284 2594 343 2635 nee
364 2578 488 2636 minimo
508 2596 581 2637 aane
603 2576 781 2637 discrimine
800 2577 916 2654 refert,

141 2658 207 2733 Quo
231 2663 321 2736 gestu
340 2658 483 2740 lepores,
505 2668 538 2721 et
560 2680 619 2740 quo
641 2660 754 2740 gallina
774 2667 908 2721 secetur.

138 2740 268 2803 Duoeria
288 2741 411 2824 planta,
432 2744 517 2805 velut
536 2747 617 2805 ictus
639 2748 675 2805 ab
695 2746 833 2805 lleroule
855 2746 969 2823 (laeua,
1118 2753 1169 2809 let
1254 2804 1255 2815 ,

137 2825 180 2885 Et
200 2845 319 2905 ponere
337 2829 432 2908 foria,
455 2830 482 2889 ai
504 2829 579 2909 quid
598 2830 769 2890 tentaveris
786 2826 932 2909 ‘umquam

137 2909 286 2990 Hiscere,
313 2919 467 2995 tamquam
486 2916 605 2975 habeas·
622 2916 683 2974 tria
703 2915 834 2974 nomina.
876 2910 1004 2989 Quando
1022 2913 1170 2993 propinat

136 2993 231 3055 Virro
254 2997 312 3056 tibi
333 2999 487 3078 aumitque
507 3001 569 3059 tuia
592 3004 734 3059 contacta
754 2996 879 3058 labellia

135 3076 274 3138 Pocula?
296 3083 363 3158 quis
384 3090 520 3143 vestrum
541 3085 725 3144 temerarius
746 3100 844 3162 unque
866 3080 961 3160 adeo,
984 3081 1054 3159 quio

135 3160 299 3240 Perditua‚
320 3171 355 3225 ut
375 3165 458 3226 dieat
477 3170 563 3246 regi,
584 3168 681 3228 bibet
701 3165 839 3227 Plurima
859 3171 948 3245 aaut,
970 3184 1049 3246 quae
1117 3174 1171 3231 lto
1254 3176 1255 3191 ¹

134 3245 204 3305 Non
226 3247 340 3308 audent
360 3250 501 3310 homiues
522 3258 650 3332 pertuaa
672 3250 778 3311 dioere
797 3249 899 3313 laena.

135 3329 367 3411 Quadringenta
388 3336 447 3394 tibi
467 3336 494 3394 ai
514 3336 582 3415 quia
604 3335 680 3396 deus
701 3341 753 3394 aut
774 3334 884 3396 aimilia
905 3333 954 3396 din

134 3412 177 3471 ut
198 3415 310 3477 melior
328 3417 401 3477 iatia
423 3418 568 3479 douiret:
589 3420 754 3479 homuncio
776 3427 908 3498 quantur

133 3496 182 3557 Ex
202 3500 299 3560 uibiio
320 3502 431 3579 lieren,
453 3510 584 3582 quantur
603 3503 746 3565 Virronia
767 3504 895 3565 aniouai

135 3578 181 3639 Da
203 3580 336 3645 Trebio!
356 3605 439 3668 pone
462 3585 500 3646 ad
522 3587 688 3647 Trebium!
711 3587 767 3648 Via
787 3588 887 3648 irater
908 3587 946 3646 ab
966 3584 1043 3665 ipaia
1117 3594 1174 3649 135
