2530 3900
184 258 227 323 14
483 257 519 319 D.
544 256 633 318 IUN.
655 256 915 318 IUVENALIS

182 427 405 510 Pauperis,hic
426 426 585 501 meritum,
607 423 635 482 si
653 429 744 483 curet
762 429 854 483 nocte
874 430 996 503 togatus

185 515 339 590 Currere,
361 530 453 590 quum
472 515 599 589 praetor
619 505 763 567 lictorem
783 506 922 588 impellat
943 516 976 570 et
988 510 1043 569 ire
1065 534 1070 539 ·

184 598 391 677 Praecipitem
408 595 514 654 iubeat
532 589 646 650 dudum
665 591 862 670 vigilantibus
882 593 983 671 orbis,
1119 607 1130 625 ·

183 682 231 741 Ne
249 682 336 761 prior
356 677 500 738 Albinam
519 682 553 735 et
572 673 709 735 Modiam
730 673 850 753 collega
871 676 1007 736 salutet'.l
1159 683 1208 738 130

183 766 293 825 Divitis
314 765 365 823 bic
385 762 467 821 servi
488 757 604 819 claudit
619 756 700 819 latus
721 760 923 838 ingenuorum

183 847 299 922 Filius,
320 845 401 921 alter
422 845 519 920 enim,
540 851 684 923 quantum
705 844 737 902 in
757 843 881 922 legione
901 844 1019 904 tribuni

182 933 363 1011 Accipiunt,
385 928 480 988 donat
500 926 645 988 Caluinae
665 926 714 987 vel
735 929 898 1006 Catienae,

183 1018 226 1078 Ut
246 1011 344 1074 semel
365 1021 457 1091 atque
478 1013 592 1072 iterum
612 1031 706 1091 super
726 1011 809 1072 illam
829 1010 985 1092 palpitet:¹
1001 1024 1031 1073 at
1049 1023 1099 1092 tu,

183 1102 282 1176 Quum
302 1099 359 1158 tibi
378 1097 483 1161 vestiti
502 1097 598 1156 facies
620 1097 715 1155 scorti
735 1095 853 1175 placet,
876 1097 987 1157 haeres
1157 1106 1208 1160 135

182 1185 225 1245 Et
245 1180 366 1242 dubitas
387 1180 447 1241 alta
469 1181 620 1240 Chionem
642 1178 796 1240 deducere
809 1179 902 1240 sella.
978 1234 985 1244 ,

182 1267 228 1326 Da
248 1272 360 1326 testem
380 1265 494 1324 Romae
516 1269 578 1323 tam
597 1271 750 1341 sanctum,
774 1284 863 1343 quam
883 1264 943 1324 fuit
962 1265 1075 1345 hospes
1141 1314 1143 1319 .

182 1351 321 1411 Numinis
339 1348 440 1422 Idaei;
461 1345 611 1427 procedat
630 1348 680 1408 vel
700 1348 813 1426 Numa,
833 1347 883 1408 vel
904 1349 955 1427 qui

185 1434 325 1494 Servavit
343 1430 497 1513 trepidam
514 1432 656 1510 flagranti
676 1450 713 1490 ex
732 1431 811 1490 aede
829 1432 1016 1492 Mineruam:

183 1518 330 1579 Protinus
350 1515 390 1576 ad
412 1533 552 1594 censum,
575 1514 614 1574 de
635 1515 771 1574 moribus
791 1514 897 1575 ultima
917 1517 973 1576 liet
1157 1524 1209 1578 tao

184 1601 345 1679 Quaestio:
369 1606 444 1680 quot
464 1601 564 1680 pascit
584 1598 712 1659 servos?
734 1605 809 1678 quot
829 1599 969 1680 possidet
991 1601 1056 1678 agri

182 1685 312 1764 Iugera?
331 1704 420 1764 quam
439 1682 535 1743 multa
556 1701 724 1762 magnaque
743 1683 906 1763 parapside
929 1683 1060 1744 coenat'.²

183 1770 335 1846 Quantum
357 1771 485 1848 quisque
508 1788 562 1828 sua
582 1786 772 1828 nummorum
794 1774 896 1828 servat
915 1769 948 1827 in
969 1787 1053 1842 arca,

184 1854 317 1913 Tantum
336 1854 431 1912 habet
452 1858 486 1911 et
504 1851 588 1913 fidei.
630 1851 716 1911 lures
734 1850 811 1911 licet
832 1858 864 1912 et
885 1850 1114 1912 Samotbracum

181 1938 225 1998 Et
244 1942 421 1996 nostrorum
442 1954 525 2012 aras,
547 1941 745 1995 contemnere
763 1935 892 1994 fulmina
912 1953 1030 2016 pauper
1159 1945 1208 1999 145

184 2019 332 2081 Creditur
354 2026 445 2097 atque
465 2018 556 2096 deos,
578 2017 625 2077 dis
645 2019 874 2095 ignoscentibus
894 2020 979 2099 ipsis.

184 2102 281 2180 Quid,
304 2100 386 2182 quod
407 2103 563 2161 materiam
584 2103 714 2181 praebet
736 2122 900 2181 causasque
918 2104 1055 2164 iocorum
1132 2138 1134 2142 ,

184 2187 331 2246 Omnibus
348 2186 400 2246 bic
418 2184 516 2262 idem,
538 2188 564 2245 si
585 2185 677 2245 foeda
699 2191 731 2245 et
751 2188 845 2246 scissa
864 2186 1005 2265 lacerna,

76 2344 78 2347 ι
183 2271 218 2330 si
238 2276 310 2350 toga
331 2268 487 2331 sordidula
508 2277 557 2330 est
577 2276 610 2330 et
629 2275 720 2350 rupta
741 2270 861 2331 calceus
882 2273 961 2331 ulter

183 2353 276 2415 Pelle
296 2360 399 2435 patet;
419 2352 470 2414 vel
491 2357 517 2414 si
538 2360 665 2415 consuto
686 2353 813 2414 vnlnere
836 2375 971 2415 crassum
1159 2367 1211 2418 150

79 2447 81 2451 ’
183 2440 286 2516 Atque
307 2458 417 2500 recens
436 2437 534 2498 linum
552 2437 687 2498 ostendit
709 2459 771 2498 non
791 2459 851 2499 una
873 2439 1022 2500 cicatrix?

74 2582 82 2588 ,
182 2520 235 2582 Nil
254 2523 348 2582 habet
367 2520 477 2582 infelix
496 2529 660 2602 paupertas
682 2521 786 2582 durius
806 2526 839 2584 in
860 2543 911 2603 se,

184 2606 282 2682 Quam
302 2604 385 2684 quod
404 2603 552 2665 ridiculos
572 2606 712 2667 homines
733 2608 817 2668 facit.
858 2609 971 2685 Exeat,
992 2607 1111 2686 inquit,

184 2690 218 2749 Si
238 2685 339 2770 pudor
361 2694 425 2765 est,
446 2695 479 2748 et
500 2688 539 2749 de
559 2687 684 2769 pulvino
705 2697 809 2768 surgat
829 2693 982 2772 equestri,

184 2774 278 2834 Cuius
299 2790 351 2832 res
371 2771 435 2851 legi
455 2792 517 2832 non
537 2773 667 2851 sufficit,
691 2782 723 2833 et
743 2773 872 2835 sedeant
890 2777 942 2834 hic
1158 2783 1212 2837 155
1254 2774 1255 2813 l

85 2856 95 2875 ⁹
182 2857 342 2917 Lenonum
361 2858 451 2936 pueri
471 2876 662 2936 quocumque
682 2858 715 2916 in
735 2858 855 2918 fornice
876 2861 957 2933 nati3

92 2992 94 3007 ,
182 2941 244 3001 Hic
264 2938 391 3021 plaudat
410 2940 502 3000 nitidi
522 2942 685 3022 praeconis
704 2940 787 3001 iilius
807 2943 890 3002 inter

182 3023 343 3104 Pinnirapi
363 3022 461 3084 cultos
482 3026 608 3085 iuvenes
627 3025 814 3105 iuvenesque
834 3025 973 3088 lanistae.

183 3108 235 3169 Sic
255 3106 378 3169 libitum
397 3128 491 3187 vano,
514 3111 643 3190 quinos
666 3108 821 3188 distinxit,
843 3109 967 3170 Othoni.

183 3193 259 3271 Quis
280 3210 376 3271 gener
396 3192 447 3252 bic
465 3191 582 3273 placuit
602 3212 696 3253 censu
715 3195 815 3253 minor
836 3199 927 3273 atque
947 3192 1069 3275 puellae
1159 3204 1212 3260 160

183 3275 351 3338 Sarcinulis
372 3277 492 3356 impar?
514 3279 581 3358 quis
601 3295 719 3358 pauper
739 3279 883 3337 scribitur
904 3278 1021 3338 heres?
1254 3310 1255 3325 ι

183 3361 311 3438 Quando
332 3362 365 3431 in
386 3360 513 3420 consilio
536 3368 584 3421 est
603 3358 787 3421 Aedilibus?
808 3363 926 3440 agmine
944 3362 1026 3422 iacto
1067 3356 1072 3361 ’

182 3444 362 3506 Debuerant
382 3442 456 3504 olim
477 3452 586 3505 tenues
606 3446 753 3522 migrasse
776 3446 919 3522 Quirites.

182 3527 274 3590 Haud
293 3527 387 3590 facile
409 3536 586 3610 emergunt,
606 3547 735 3608 quorum
751 3531 914 3591 virtutibus
936 3530 1038 3590 obstat
1193 3604 1198 3628 Ι
1250 3552 1255 3872 q
