2542 3900
44 360 46 363 Ι
123 264 165 332 ro
418 260 850 326 o.1on.1ovsnsn1s

124 436 272 513 Coneris,
291 435 374 494 iacet
394 434 520 512 exiguus
539 427 608 492 eum
625 426 740 492 ramice
761 450 873 493 neruus
1097 439 1148 493 wi

121 521 181 597 Et,
203 520 338 599 quamvis
358 523 424 578 tota
440 515 583 597 palpetur
603 522 711 594 noete,
733 517 855 578 iacebit.

121 606 212 665 Anne
234 600 350 681 aliquid
370 619 497 682 sperare
517 605 623 680 potest
643 600 720 659 haec
741 601 873 680 inguinis
896 602 982 680 aegri
1033 674 1035 678 Ι

122 687 283 748 Canities?
307 683 396 766 quid,
419 683 500 762 quod
518 686 629 744 merito
650 692 793 765 suspecta
811 682 909 745 libido
932 692 996 763 est,

124 772 209 848 Quae
231 772 387 831 Venerem
408 770 533 828 affectat
553 770 621 828 sine
642 769 781 829 viribus?
803 771 905 849 aspice
922 770 1021 850 partis

119 855 209 916 Nune
229 853 369 915 damnum
390 851 534 926 alterius3
554 872 625 913 nam
643 872 721 933 quae
743 859 885 913 cantante
905 851 1062 941 voluptas,
1094 861 1146 913 ilii

119 940 170 1000 Sit
189 937 267 1000 licet
286 937 413 998 eximius
433 936 630 997 citharoedus
651 939 728 997 sitve
750 935 916 1018 Seleucus,

120 1024 163 1085 Et
185 1025 296 1103 quibus
316 1029 420 1081 aurata
440 1041 506 1081 mos
528 1028 577 1081 est
598 1020 719 1101 fulgere
740 1020 886 1082 lacerna‘i

120 1108 204 1186 Quid
224 1106 340 1184 refert,
362 1108 461 1185 magni
483 1104 591 1166 sedeat
613 1126 672 1185 qna
692 1113 781 1187 parte
803 1100 936 1185 theatri,

121 1193 182 1268 Qui
203 1192 252 1250 vix
273 1191 445 1250 cornicines
467 1189 609 1250 exaudiat
630 1197 721 1269 atque
742 1193 885 1250 tubarum

121 1274 319 1336 concentus?
340 1272 475 1333 clamore
497 1292 573 1353 opus
594 1279 660 1351 est,
681 1280 716 1334 ut
736 1276 850 1335 sentiat
870 1276 967 1353 auris,
1095 1282 1144 1334 215

120 1361 220 1436 Quem
238 1356 321 1418 dicct
340 1357 462 1416 venisse
479 1375 574 1438 puer,
598 1364 673 1436 quot
692 1361 815 1418 nuntiet
836 1360 937 1421 horas.

118 1444 287 1504 Praeterea
304 1442 445 1501 minimus
464 1439 566 1521 gelido
587 1442 648 1501 iam
668 1461 799 1523 corpore
820 1444 942 1522 sanguis

118 1526 222 1590 Febre
244 1524 324 1587 calet
345 1524 424 1585 sola:
446 1524 627 1586 circumsilit
646 1528 765 1605 agmine
784 1528 867 1586 facto

117 1609 301 1674 'Morborum
322 1629 411 1670 omne
433 1629 545 1690 genus3
568 1629 696 1689 quorum
716 1613 743 1671 si
763 1613 886 1672 nomina
904 1628 1049 1691 quaeras,

117 1695 294 1775 Promptius
316 1693 491 1775 expediam,
513 1701 588 1774 quot
608 1697 754 1755 amaverit
772 1696 886 1776 Hippin
908 1695 1070 1774 moechos,
1092 1701 1143 1755 iio

118 1781 202 1858 Quot
222 1779 392 1839 Themison
412 1798 521 1859 aegros
543 1785 685 1839 autumno
708 1777 859 1839 occiderit
879 1798 957 1858 uno,

118 1866 201 1941 Quot
219 1863 339 1924 Basilus
360 1865 476 1940 socios,
498 1870 574 1942 quot
594 1865 870 1943 circumscripserit
890 1864 1003 1923 Hirrus

116 1946 275 2029 Pupillos,
295 1954 370 2027 quot
390 1944 483 2024 longa
503 1948 586 2006 viros
608 1950 770 2007 exsorbent
791 1967 852 2007 uno

116 2033 228 2094 Maura
249 2029 316 2109 die,
339 2036 414 2107 quot
434 2028 599 2109 discipulos
620 2030 750 2091 inclinet
770 2028 938 2106 Hamillus3

115 2116 301 2176 Percurram
324 2114 429 2190 citius,
452 2120 527 2191 quot
546 2111 633 2173 villas
653 2112 810 2193 possideat
830 2133 928 2193 nunc,
1087 2121 1140 2175 225

117 2200 186 2275 Quo
207 2196 357 2258 tondente
379 2198 478 2274 gravis
500 2198 603 2256 iuveni
623 2199 698 2257 mihi
719 2200 813 2258 barba
833 2200 968 2259 sonabat,

117 2282 176 2345 Ille
194 2284 339 2360 humero,
357 2280 411 2341 iric
430 2279 559 2358 lumbis,
580 2281 631 2341 hic
653 2301 727 2342 coxa
749 2282 876 2357 debills3
896 2285 999 2343 ambos

117 2366 261 2428 Perdidit
281 2364 338 2428 ille
361 2364 465 2426 oculos
487 2372 520 2426 et
539 2364 632 2427 luscis
653 2366 786 2443 invidet3
808 2368 898 2428 huius

116 2450 239 2513 Pallida
258 2450 347 2512 labra
366 2452 466 2510 cibum
487 2450 641 2530 accipiunt
662 2450 767 2529 digitis
787 2449 905 2512 alienis.

115 2537 187 2616 lpse
209 2533 248 2594 ad
269 2541 466 2614 conspectum
488 2552 602 2594 coenae
623 2534 770 2595 diducere
791 2538 904 2595 rictum
1089 2539 1147 2594 230

115 2619 246 2695 Suetus,
266 2619 333 2677 hiat
352 2622 485 2694 tantum,
508 2636 565 2677 cen
586 2616 689 2698 pullus
710 2619 900 2697 hirundinis,
922 2616 962 2677 ad
980 2635 1072 2697 quem

115 2703 181 2764 0re
200 2698 284 2762 volat
303 2698 397 2780 pleno
418 2706 517 2760 muter
537 2702 647 2761 ieiuna.
691 2700 755 2762 Sed
776 2705 858 2763 omni

113 2787 328 2850 Membrorum
346 2783 454 2845 damno
475 2786 572 2845 maior
591 2785 760 2865 dementia,
781 2805 858 2867 quae
878 2804 938 2847 nec

113 2871 245 2934 Nomina
265 2887 423 2930 servorum
443 2887 502 2929 nec
522 2869 637 2929 vultum
658 2873 796 2949 agnoseit
816 2873 921 2949 amici,

115 2956 194 3018 Cum
210 2973 270 3034 quo
289 2955 458 3034 praeterita
480 2957 620 3015 coenavit
640 2961 748 3033 nocte,
769 2974 827 3016 nec
847 2954 935 3033 illos,
1090 2952 1147 3019 235

114 3042 198 3117 Quos
218 3039 340 3119 genuit,
363 3057 438 3117 quos
461 3037 573 3100 eduxit.
617 3039 693 3099 Nam
714 3038 820 3100 codice
840 3058 929 3100 saevo

112 3123 257 3188 Heredes
278 3128 362 3183 uetat
382 3140 451 3182 esse
474 3142 561 3201 snos,
582 3124 662 3183 hona
681 3129 747 3185 tota
768 3124 912 3183 feruntur

111 3208 164 3270 Ad
182 3207 327 3282 Phialen3
347 3213 464 3266 tantum
484 3208 609 3269 artificis
630 3206 711 3267 valet
731 3206 844 3268 halitus
866 3209 945 3287 oris,

113 3292 204 3368 Quod
225 3297 355 3352 steterat
376 3290 480 3351 multis
497 3292 531 3349 in
551 3309 678 3351 carcere
696 3291 824 3350 fornicis
846 3293 942 3354 annis.

113 3375 158 3434 Ut
177 3376 300 3454 rigeant
320 3392 428 3434 seusus
449 3375 556 3452 animi,
578 3372 717 3434 ducenda
737 3380 840 3434 tamen
863 3380 934 3435 sunt
1089 3379 1149 3434 240

113 3457 238 3518 Funere
258 3465 414 3539 natorum,
433 3477 525 3536 rogus
548 3456 741 3538 aspiciendus
762 3464 878 3520 amatae

113 3540 260 3621 Coniugis
282 3547 315 3603 et
334 3541 442 3604 fratris
460 3540 633 3621 plenaeque
655 3543 812 3604 sororibus
833 3561 936 3604 urnae.
