2542 3900
460 236 663 298 surlet
689 237 768 301 xlv.
1084 237 1127 302 a

15 360 16 369 ἵ
105 404 259 483 vernula,
278 412 345 464 tres
364 403 499 480 «laminii
517 402 574 464 sot
593 405 709 482 magnis
729 406 877 465 fremitus
898 407 1007 467 horum

105 490 134 549 A
154 491 264 551 scrobe
285 487 336 549 vel
358 486 445 548 sulco
466 487 669 548 redeuntibus
688 487 788 550 altera
808 507 904 550 caena
1076 496 1128 552 170

105 573 248 654 Amplior
270 580 303 632 et
322 571 454 651 grandes
476 572 633 631 fumabant
652 571 788 651 pultibus
810 571 900 634 ollae.

104 659 193 718 Nunc
214 656 322 718 modus
341 657 393 715 hic
414 657 480 734 egri
500 662 607 715 nostro
627 675 690 714 nen
710 658 827 716 sufficit
844 658 946 717 herto.

15 764 17 781 ³
106 740 182 803 Inde
202 742 271 801 fere
294 738 447 800 scelerum
469 757 595 813 causae3
616 757 676 798 nec
694 739 785 823 plura
804 758 922 801 venena

15 1758 16 1809 ἕ
109 1743 164 1805 Nil
183 1746 312 1805 vetitum
330 1746 443 1807 fecisse
464 1745 564 1824 volet,
586 1765 678 1825 quem
699 1764 761 1805 non
780 1744 878 1826 pudet
894 1743 962 1806 altu
1079 1751 1131 1807 185
1254 1792 1255 1795 ,

107 826 236 886 Miscuit
256 830 308 885 aut
327 824 414 884 ferro
436 830 592 902 grmatur
611 820 734 903 saepius
753 822 851 884 ullum

106 910 265 969 Humanae
285 909 397 968 mentis
417 909 539 979 vitium,
561 927 650 986 quarn
671 926 760 967 saeva
781 907 891 987 cupitle
1078 913 1129 969 lib
1212 964 1221 983 x

106 992 250 1054 Indomiti
270 1011 397 1066 census3
416 1010 488 1051 nam
508 989 594 1050 dives
615 992 668 1070 qui
688 993 759 1051 tieri
778 990 863 1069 nult,
932 1050 936 1058 ,

107 1078 149 1139 nt
170 1078 231 1136 cito
251 1074 317 1136 vult
335 1077 416 1136 tieri.
460 1074 525 1135 Sel
545 1093 623 1153 quae
643 1077 819 1135 reverentia
838 1074 957 1154 legam,

108 1161 183 1236 Quis
203 1166 304 1220 metus
324 1166 376 1219 aut
394 1158 496 1240 pudor
513 1165 563 1218 est
582 1179 722 1236 nmquam
742 1162 939 1240 properantis
958 1159 1062 1220 suarii

107 1244 212 1307 Viuite
234 1245 371 1304 contenti
391 1241 503 1304 casulis
523 1247 555 1303 et
576 1240 708 1303 collibus
729 1244 814 1321 istis,

109 1328 136 1388 0
157 1328 262 1407 pueri!
283 1328 406 1388 Marsus
424 1327 548 1387 (licebat
568 1331 601 1385 et
621 1328 776 1387 Hernicus
797 1306 872 1387 altis
1079 1334 1131 1389 18)

108 1412 319 1490 Vestinusque
335 1430 451 1487 senex3
471 1429 585 1493 panem
604 1429 784 1489 quaeramus
799 1415 922 1490 varano,

101 1496 170 1572 'Qui
191 1497 264 1556 satis
285 1501 334 1556 est
354 1497 476 1557 mensis.
519 1493 661 1555 Laudant
681 1495 740 1554 lroc
760 1496 883 1554 numina
903 1495 1000 1572 ruris,

110 1581 246 1655 Quorum
267 1598 326 1658 ope
346 1587 380 1638 et
400 1578 512 1639 auxilio
532 1584 638 1656 gratae
659 1585 731 1658 post
750 1597 859 1637 merrus
874 1579 992 1638 amiatae

110 1664 301 1740 Contingunt
321 1663 462 1722 homines
481 1664 598 1723 veteris
618 1661 743 1722 fastidia
762 1679 905 1741 quercus.

15 1828 16 1875 l
110 1828 175 1888 Per
193 1827 323 1907 glaciem
344 1848 462 1909 perone
483 1831 565 1908 tegi;
587 1832 640 1909 qni
662 1835 831 1890 summovet
849 1829 950 1890 Euros

76 1916 83 1940 s
105 1909 249 1971 «Pellibus
269 1913 408 1973 inversis,
451 1913 621 1991 Peregrina
640 1915 806 1993 ignotoque
826 1914 915 1974 nobis

112 1994 163 2054 Ad
182 1994 284 2055 scelus
303 2002 394 2075 atque
415 1997 519 2074 nefas,
541 2016 749 2076 quaecumque
770 2002 835 2074 est,
854 2015 991 2077 purpure
1009 1993 1104 2057 ducit.

152 2079 238 2139 Haec
258 2077 306 2139 illi
326 2087 449 2140 veteres
470 2088 637 2162 praecepta
657 2083 840 2142 minoribus:
856 2086 895 2140 at
914 2098 995 2141 nune

111 2164 187 2223 Post
205 2165 298 2222 tinem
320 2166 454 2224 autumni
474 2164 577 2225 media
597 2165 637 2226 (le
657 2173 749 2227 nocte
770 2166 911 2245 supinum
1082 2169 1134 2226 ιιι)

113 2246 272 2309 clamosus
292 2248 434 2307 invenem
452 2254 543 2327 pater
564 2251 690 2309 excitat:
711 2250 828 2327 Accipe
850 2265 952 2323 ceras,

102 2331 238 2407 sscribe‚
258 2348 354 2409 puer,
374 2329 493 2408 vigila,¹
505 2351 610 2393 musas
630 2351 702 2410 age,
721 2330 849 2412 perlege
867 2331 977 2391 noras

110 2415 264 2475 Maiarum
285 2411 370 2492 leges
390 2421 443 2474 aut
461 2417 554 2477 vitem
573 2435 667 2497 posce
687 2414 807 2477 libello.

113 2497 177 2558 Sed
198 2502 289 2577 capnt
308 2499 455 2558 intactum
476 2501 555 2561 buxo
575 2518 729 2579 naresque
748 2497 865 2580 pilosas

112 2583 251 2642 Annotet
273 2586 306 2640 et
320 2581 458 2660 ¹grandes
475 2585 606 2645 miretur
626 2582 750 2645 Laelius
773 2581 844 2643 alas.
1033 2588 1039 2597 ’
1083 2585 1135 2642 195

65 2724 73 2745 ,
111 2666 209 2726 Dirue
230 2665 409 2726 Maurorum
431 2669 576 2746 attegias,
599 2666 728 2730 castella
744 2667 938 2745 Brigantum,

105 2750 156 2810 'Ut
175 2747 362 2828 locupletem
385 2750 517 2829 aquilam
540 2754 599 2812 tibi
618 2753 822 2830 sexagesimus
843 2768 939 2810 annua

111 2834 251 2906 Afferat3
273 2839 340 2909 aut,
360 2832 469 2910 longos
492 2842 661 2895 castrorum
680 2837 767 2896 ferre
787 2835 910 2895 labores

112 2917 148 2977 Si
169 2918 255 2997 piget
275 2922 309 2975 et
327 2915 452 2997 trepido
473 2916 596 2979 solvunt
616 2921 674 2980 tihi
694 2938 808 2980 cornua
826 2922 968 2978 sennem

113 3001 193 3062 Gnm
212 2999 300 3061 lituis
321 3001 438 3077 audita,
459 3020 567 3081 parea,
588 3002 670 3081 quod
690 3002 826 3063 rendere
846 2999 947 3082 possm
1083 3005 1137 3058 2⁰0

110 3083 216 3145 Pluris
237 3082 378 3163 dimidio,
397 3103 457 3147 nec
477 3091 509 3144 te
528 3085 651 3147 fastidia
670 3088 782 3147 mercis

110 3167 217 3230 Ullius
238 3168 368 3227 subeant
388 3168 575 3248 ablegandae
595 3171 735 3233 Tiberim
754 3168 850 3248 ultra,

110 3252 183 3313 Neu
203 3249 311 3310 credas
332 3251 507 3330 ponendum
527 3252 645 3332 aliquid
664 3254 848 3315 discriminis
868 3253 952 3313 inter

111 3335 278 3413 Unguenta
298 3341 332 3394 et
352 3339 476 3398 corium.
517 3338 610 3398 Lucri
631 3340 728 3399 bonus
750 3344 799 3398 ert
817 3336 896 3398 odor
912 3353 955 3398 ex
973 3351 1011 3395 re

114 3417 270 3497 Qualibet.
312 3417 371 3480 llla
390 3425 444 3479 tua
465 3424 619 3484 sententia
638 3440 761 3502 semper
780 3423 814 3482 in
834 3439 890 3481 ore
1031 3458 1033 3462 ι
1085 3423 1137 3479 stc

111 3504 283 3581 Versetur,
304 3500 352 3564 «lis
372 3510 463 3582 atque
482 3506 550 3585 ipso
571 3507 642 3567 love
664 3506 768 3585 digna,
789 3510 917 3586 poetae:
