2530 3900
139 235 183 301 ii
438 237 475 299 1).
494 237 585 301 lUN.
608 234 871 299 lovnnanls

141 407 222 468 Tota
243 403 403 468 sulututrix
422 406 483 467 iem
502 405 594 465 turbu
614 406 776 484 peregerit
794 407 902 466 orbem

141 489 303 551 Sideribus
324 487 442 568 dubiis,
463 494 515 549 eut
532 485 587 547 illo
608 493 764 568 tempore,
787 507 846 571 quo
868 507 902 549 se

140 572 268 653 Frigida
288 575 497 652 circumagunt
516 573 598 652 pigri
619 591 741 632 asrruoa
760 574 886 634 Bootae.
1110 641 1114 647 ¹

141 656 246 735 Qualis
268 676 363 720 coena
381 656 508 716 tameu‘i
528 657 649 734 vinum,
671 655 754 736 quod
777 655 900 717 suceide
921 655 1001 719 nolit
1257 680 1258 737 q

140 742 224 803 Lanu
244 744 325 824 peti3
346 741 385 801 de
404 741 529 800 conviva
550 740 726 819 Corybanta
744 741 873 803 videbis.
1134 750 1174 804 25
1257 740 1258 743 ’

140 827 242 905 lurgis
262 822 450 906 proludunt3
471 822 528 883 sed
547 843 618 884 mox
639 828 673 883 et
692 823 803 906 poeada
820 831 948 906 torques
1008 858 1010 865 v

141 910 268 970 Saucius
287 914 320 969 et
338 908 432 968 rubra
452 906 598 988 deterges
617 907 744 968 vulnera
764 929 881 990 mappa.

139 993 226 1055 Inter
244 1010 297 1053 vos
318 993 439 1071 quoties
458 990 703 1071 libertorumque
725 993 885 1054 eohortem
986 1021 989 1025 ·

139 1078 246 1156 Pugna
263 1075 430 1154 Saguntina
449 1076 552 1138 fervet
571 1077 731 1137 commissu
747 1075 872 1156 lagena,

139 1161 210 1241 lpse
230 1158 375 1240 capilluto
398 1159 543 1220 diffusum
563 1158 691 1221 consule
711 1167 800 1241 potat

141 1242 357 1324 calcatamque
377 1250 467 1305 tenet
485 1242 580 1304 bellis
601 1242 766 1305 socialibus
787 1264 890 1323 uuum,

141 1324 291 1389 (iurdieuo
311 1346 474 1407 numquam
495 1328 639 1407 cyathum
658 1329 806 1388 missurus
827 1331 933 1391 amieo.

141 1412 219 1472 Grae
240 1412 328 1472 bibet
347 1409 476 1473 Albanis
499 1410 615 1490 aliquid
634 1409 674 1471 de
692 1413 847 1473 montibus
866 1421 920 1474 aut
939 1412 979 1474 de

141 1495 274 1574 Setinis,
295 1497 381 1556 euius
402 1496 533 1576 petrium
554 1494 738 1575 titulumque
760 1503 902 1558 senectus

139 1577 265 1641 Delevit
283 1577 380 1640 multu
399 1581 514 1639 veteris
534 1577 665 1657 iuliglne
687 1586 806 1654 testue3
979 1592 982 1597 ’
1133 1588 1170 1641 35

141 1661 240 1740 Quale
262 1664 401 1727 coronati
421 1664 561 1724 Thrasea
581 1661 806 1745 Helvidiusque
828 1666 975 1725 bibebant

139 1748 306 1808 Brutorum
327 1754 361 1808 et
381 1748 469 1810 Cassi
487 1745 651 1810 natalibus.
683 1749 753 1830 lpse
776 1767 903 1829 capuces

139 1831 306 1893 Heliadum
327 1838 445 1892 crustas
467 1837 500 1893 et
517 1830 696 1911 inaequales
716 1832 856 1913 beryllos

139 1917 234 1980 Virro
255 1922 344 1976 tenet
358 1913 494 1997 phialasr
514 1917 574 1975 tibi
594 1935 657 1976 nou
678 1920 879 1978 committitur
897 1935 1018 1991 eurum3
1066 1940 1070 1949 ’

140 1998 218 2077 Vel,
239 2001 267 2059 sl
288 1998 408 2077 quondo
431 1997 537 2076 detur,
559 2004 662 2057 eustos
682 2001 790 2061 ulfinus
811 1999 945 2077 ibidem,

73 2146 77 2151 ,
140 2084 201 2160 Qui
222 2089 365 2144 numeret
383 2097 516 2161 gemmas
536 2099 716 2162 unguesque
738 2086 883 2144 observet
903 2092 1017 2146 ueutoe.

140 2166 187 2227 liu
207 2167 345 2226 venium:
366 2163 527 2247 praeclara
546 2163 614 2224 illio
634 2164 779 2228 laudetur
798 2170 901 2249 iaspis.
936 2227 939 2234 .

140 2250 217 2311 Num
237 2250 350 2329 Virro,
371 2256 406 2310 ut
423 2248 530 2327 multi,
550 2268 684 2328 gemmas
705 2249 744 2310 ad
762 2251 874 2333 poeula
895 2253 1045 2314 transfert

140 2336 169 2395 A
191 2333 311 2413 digitio,
333 2354 408 2413 quas
428 2336 461 2395 in
480 2334 606 2413 vaginae
627 2334 733 2395 fronte
754 2334 876 2398 solebat

141 2419 267 2479 Ponere
288 2418 433 2499 zelotypo
451 2420 571 2480 invenis
592 2417 750 2500 praelatus
770 2422 915 2483 Hiarbre.

141 2502 192 2562 Tu
212 2503 423 2563 Beneventani
443 2504 557 2563 sutoris
577 2522 690 2563 nomen
710 2505 877 2566 habentem

141 2586 277 2646 Siooubis
299 2583 427 2645 calicem
444 2605 588 2646 ursorum
610 2593 741 2666 quatuor
762 2609 797 2649 uo
815 2590 877 2650 ium

141 2671 322 2747 quassatum
343 2674 377 2729 et
394 2675 487 2750 rupto
506 2677 687 2751 poscentem
707 2671 854 2753 sulphure
871 2674 961 2734 vitro.

141 2753 176 2814 Si
197 2753 372 2813 stomachus
394 2752 510 2814 domini
531 2753 634 2815 fervet
653 2756 785 2836 vinoque
807 2758 954 2836 ciboque,

139 2834 298 2916 Frigidior
322 2837 441 2899 Getieis
461 2838 581 2919 petitur
602 2837 731 2900 deooetu
749 2841 883 2921 pruinisr

140 2912 234 3068 quon
253 2920 361 2982 eedem
383 2923 470 2983 vobis
489 2924 565 3003 poni
584 2920 677 2983 modo
698 2924 769 2985 vina
790 2919 964 3011 querebar)

171 3023 206 3064 os
228 3003 316 3065 aliam
335 3007 451 3086 potutis
471 3026 588 3085 rquum.
624 3006 698 3067 Tibi
715 3006 828 3088 poeula
849 3027 957 3069 enraor
984 3040 989 3049 ·

141 3086 292 3150 Gaetulus
314 3087 400 3150 dabit
421 3096 473 3151 ent
492 3093 574 3170 nigri
594 3110 702 3152 manus
723 3110 813 3152 ossea
833 3093 949 3170 Mauri,

139 3174 182 3236 Et
204 3173 253 3233 eui
272 3191 331 3254 per
351 3171 483 3234 medium
504 3174 587 3239 nolis
607 3194 774 3236 occurrere
794 3181 935 3253 noctem,

140 3255 284 3318 Glivosse
303 3258 428 3318 veheris
450 3257 521 3318 dum
541 3277 600 3339 per
621 3265 816 3320 monumento
836 3260 973 3320 Latinae.

139 3339 216 3402 Flos
236 3342 329 3402 Asiae
346 3348 419 3402 rute
437 3342 553 3421 ipsum,
572 3344 675 3422 pretio
694 3345 809 3403 maiore
830 3351 971 3424 peretur,

141 3425 238 3501 Quam
258 3426 320 3486 fuit
340 3430 374 3485 et
394 3423 483 3485 Tulli
504 3444 615 3486 oeneus
635 3428 783 3506 pugnaris
804 3434 837 3489 et
857 3429 935 3489 rinei

139 3508 198 3587 Et,
219 3526 259 3569 ne
280 3515 313 3571 te
320 3514 471 3588 terreum,
492 3509 698 3573 Romanorum
717 3512 818 3572 omnia
835 3531 943 3592 rugum
