<?xml version="1.0" encoding="UTF-8"?>
<!DOCTYPE html PUBLIC "-//W3C//DTD XHTML 1.0 Transitional//EN"
    "http://www.w3.org/TR/xhtml1/DTD/xhtml1-transitional.dtd">
<html xmlns="http://www.w3.org/1999/xhtml" xml:lang="en" lang="en">
 <head>
  <title>
</title>
<meta http-equiv="Content-Type" content="text/html;charset=utf-8" />
  <meta name='ocr-system' content='tesseract 3.04.00' />
  <meta name='ocr-capabilities' content='ocr_page ocr_carea ocr_par ocr_line ocrx_word'/>
</head>
<body>
  <div class='ocr_page' id='page_1' title='image "./diuniiiuvenalis00haecgoog_0033.png"; bbox 0 0 2530 3900; ppageno 0'>
   <div class='ocr_carea' id='block_1_1' title="bbox 164 188 898 358">
    <p class='ocr_par' dir='ltr' id='par_1_1' title="bbox 164 188 898 358">
     <span class='ocr_line' id='line_1_1' title="bbox 164 188 898 358; baseline -0.004 -52"><span class='ocrx_word' id='word_1_1' title='bbox 164 245 185 306; x_wconf 78' lang='lat' dir='ltr'><strong>s</strong></span> <span class='ocrx_word' id='word_1_2' title='bbox 250 336 258 353; x_wconf 21' lang='grc' dir='ltr'>α</span> <span class='ocrx_word' id='word_1_3' title='bbox 399 245 497 349; x_wconf 86' lang='lat' dir='ltr'><strong>p</strong></span> <span class='ocrx_word' id='word_1_4' title='bbox 502 188 609 358; x_wconf 76' lang='grc' dir='ltr'><strong>Ιι’ΝΝ.</strong></span> <span class='ocrx_word' id='word_1_5' title='bbox 624 202 898 325; x_wconf 67' lang='lat' dir='ltr'><strong>iocosius</strong></span> 
     </span>
    </p>
   </div>
   <div class='ocr_carea' id='block_1_2' title="bbox 160 337 1256 3608">
    <p class='ocr_par' dir='ltr' id='par_1_2' title="bbox 164 337 970 493">
     <span class='ocr_line' id='line_1_2' title="bbox 164 337 970 493; baseline -0.005 -18"><span class='ocrx_word' id='word_1_6' title='bbox 164 337 369 477; x_wconf 36' lang='lat' dir='ltr'><strong>Patricios&#39;·</strong></span> <span class='ocrx_word' id='word_1_7' title='bbox 339 394 444 474; x_wconf 82' lang='lat' dir='ltr'><strong>ornnes</strong></span> <span class='ocrx_word' id='word_1_8' title='bbox 434 356 601 493; x_wconf 78' lang='lat' dir='ltr'><strong>opibus</strong></span> <span class='ocrx_word' id='word_1_9' title='bbox 597 370 688 489; x_wconf 85' lang='lat' dir='ltr'><strong>quu&#39;m</strong></span> <span class='ocrx_word' id='word_1_10' title='bbox 692 364 858 492; x_wconf 82' lang='lat' dir='ltr'><strong>provocet</strong></span> <span class='ocrx_word' id='word_1_11' title='bbox 875 431 970 490; x_wconf 86' lang='lat' dir='ltr'><strong>unus,</strong></span> 
     </span>
    </p>

    <p class='ocr_par' dir='ltr' id='par_1_3' title="bbox 165 495 1196 746">
     <span class='ocr_line' id='line_1_3' title="bbox 165 495 1196 577; baseline 0.002 -19"><span class='ocrx_word' id='word_1_12' title='bbox 165 499 232 576; x_wconf 81' lang='lat' dir='ltr'><strong>Quo</strong></span> <span class='ocrx_word' id='word_1_13' title='bbox 252 498 403 559; x_wconf 80' lang='lat' dir='ltr'><strong>tondente</strong></span> <span class='ocrx_word' id='word_1_14' title='bbox 423 498 523 577; x_wconf 78' lang='lat' dir='ltr'><strong>gravis</strong></span> <span class='ocrx_word' id='word_1_15' title='bbox 543 497 647 555; x_wconf 84' lang='lat' dir='ltr'><strong>iuveni</strong></span> <span class='ocrx_word' id='word_1_16' title='bbox 663 496 739 554; x_wconf 89' lang='lat' dir='ltr'><strong>mihi</strong></span> <span class='ocrx_word' id='word_1_17' title='bbox 756 495 852 555; x_wconf 84' lang='lat' dir='ltr'><strong>barba</strong></span> <span class='ocrx_word' id='word_1_18' title='bbox 871 496 1015 570; x_wconf 83' lang='lat' dir='ltr'><strong>sonabat3</strong></span> <span class='ocrx_word' id='word_1_19' title='bbox 1158 508 1196 560; x_wconf 74' lang='lat'><strong>25</strong></span> 
     </span>
     <span class='ocr_line' id='line_1_4' title="bbox 166 578 1049 667; baseline -0.006 -24"><span class='ocrx_word' id='word_1_20' title='bbox 166 583 265 659; x_wconf 84' lang='lat' dir='ltr'><strong>Quum</strong></span> <span class='ocrx_word' id='word_1_21' title='bbox 286 603 358 667; x_wconf 89' lang='lat' dir='ltr'><strong>pars</strong></span> <span class='ocrx_word' id='word_1_22' title='bbox 379 580 516 643; x_wconf 72' lang='lat' dir='ltr'><strong>Niliacae</strong></span> <span class='ocrx_word' id='word_1_23' title='bbox 536 578 654 659; x_wconf 88' lang='lat' dir='ltr'><strong>plebis,</strong></span> <span class='ocrx_word' id='word_1_24' title='bbox 678 598 770 657; x_wconf 91' lang='lat' dir='ltr'><strong>quum</strong></span> <span class='ocrx_word' id='word_1_25' title='bbox 789 597 885 639; x_wconf 85' lang='lat' dir='ltr'><strong>verua</strong></span> <span class='ocrx_word' id='word_1_26' title='bbox 906 580 1049 660; x_wconf 82' lang='lat' dir='ltr'><strong>Canopi</strong></span> 
     </span>
     <span class='ocr_line' id='line_1_5' title="bbox 166 660 992 746; baseline -0.006 -18"><span class='ocrx_word' id='word_1_27' title='bbox 166 668 343 746; x_wconf 77' lang='lat' dir='ltr'><strong>Crispinus,</strong></span> <span class='ocrx_word' id='word_1_28' title='bbox 366 667 477 745; x_wconf 82' lang='lat' dir='ltr'><strong>Tyrias</strong></span> <span class='ocrx_word' id='word_1_29' title='bbox 498 665 627 724; x_wconf 89' lang='lat' dir='ltr'><strong>humero</strong></span> <span class='ocrx_word' id='word_1_30' title='bbox 646 669 813 723; x_wconf 85' lang='lat' dir='ltr'><strong>revocante</strong></span> <span class='ocrx_word' id='word_1_31' title='bbox 834 660 992 741; x_wconf 83' lang='lat' dir='ltr'><strong>lacernas,</strong></span> 
     </span>
    </p>

    <p class='ocr_par' dir='ltr' id='par_1_4' title="bbox 164 746 946 826">
     <span class='ocr_line' id='line_1_6' title="bbox 164 746 946 826; baseline -0.008 -13"><span class='ocrx_word' id='word_1_32' title='bbox 164 749 307 813; x_wconf 85' lang='lat' dir='ltr'>Ventilet</span> <span class='ocrx_word' id='word_1_33' title='bbox 330 751 476 811; x_wconf 84' lang='lat' dir='ltr'><strong>aestivum</strong></span> <span class='ocrx_word' id='word_1_34' title='bbox 496 747 600 826; x_wconf 85' lang='lat' dir='ltr'><strong>digitis</strong></span> <span class='ocrx_word' id='word_1_35' title='bbox 623 746 803 807; x_wconf 76' lang='lat' dir='ltr'><strong>sudantibus</strong></span> <span class='ocrx_word' id='word_1_36' title='bbox 825 766 946 824; x_wconf 82' lang='lat' dir='ltr'><strong>aarum,</strong></span> 
     </span>
    </p>

    <p class='ocr_par' dir='ltr' id='par_1_5' title="bbox 163 829 977 912">
     <span class='ocr_line' id='line_1_7' title="bbox 163 829 977 912; baseline -0.005 -17"><span class='ocrx_word' id='word_1_37' title='bbox 163 834 229 895; x_wconf 91' lang='lat' dir='ltr'><strong>Nec</strong></span> <span class='ocrx_word' id='word_1_38' title='bbox 251 836 383 895; x_wconf 84' lang='lat' dir='ltr'><strong>sufferre</strong></span> <span class='ocrx_word' id='word_1_39' title='bbox 407 837 499 912; x_wconf 89' lang='lat' dir='ltr'><strong>queat</strong></span> <span class='ocrx_word' id='word_1_40' title='bbox 520 833 645 891; x_wconf 89' lang='lat' dir='ltr'><strong>maioris</strong></span> <span class='ocrx_word' id='word_1_41' title='bbox 663 829 805 911; x_wconf 90' lang='lat' dir='ltr'><strong>pondera</strong></span> <span class='ocrx_word' id='word_1_42' title='bbox 826 849 977 909; x_wconf 86' lang='lat' dir='ltr'><strong>gemmae·</strong></span> 
     </span>
    </p>

    <p class='ocr_par' dir='ltr' id='par_1_6' title="bbox 164 915 1209 1081">
     <span class='ocr_line' id='line_1_8' title="bbox 164 915 1209 996; baseline 0.001 -18"><span class='ocrx_word' id='word_1_43' title='bbox 164 918 300 978; x_wconf 86' lang='lat' dir='ltr'><strong>Difficile</strong></span> <span class='ocrx_word' id='word_1_44' title='bbox 322 923 370 977; x_wconf 85' lang='lat' dir='ltr'><strong>est</strong></span> <span class='ocrx_word' id='word_1_45' title='bbox 391 917 523 977; x_wconf 87' lang='lat' dir='ltr'><strong>Satiram</strong></span> <span class='ocrx_word' id='word_1_46' title='bbox 542 935 605 975; x_wconf 91' lang='lat' dir='ltr'><strong>non</strong></span> <span class='ocrx_word' id='word_1_47' title='bbox 626 915 782 989; x_wconf 88' lang='lat' dir='ltr'><strong>scribere;</strong></span> <span class='ocrx_word' id='word_1_48' title='bbox 802 935 873 974; x_wconf 88' lang='lat' dir='ltr'><strong>num</strong></span> <span class='ocrx_word' id='word_1_49' title='bbox 893 917 961 994; x_wconf 85' lang='lat' dir='ltr'><strong>quis</strong></span> <span class='ocrx_word' id='word_1_50' title='bbox 981 916 1105 996; x_wconf 87' lang='lat' dir='ltr'><strong>iniquae</strong></span> <span class='ocrx_word' id='word_1_51' title='bbox 1158 924 1209 978; x_wconf 76' lang='lat'><strong>30·</strong></span> 
     </span>
     <span class='ocr_line' id='line_1_9' title="bbox 166 999 993 1081; baseline -0.005 -19"><span class='ocrx_word' id='word_1_52' title='bbox 166 1003 244 1062; x_wconf 84' lang='lat' dir='ltr'><strong>Tam</strong></span> <span class='ocrx_word' id='word_1_53' title='bbox 263 1002 384 1081; x_wconf 90' lang='lat' dir='ltr'><strong>patiens</strong></span> <span class='ocrx_word' id='word_1_54' title='bbox 404 1001 506 1079; x_wconf 89' lang='lat' dir='ltr'><strong>urhis,</strong></span> <span class='ocrx_word' id='word_1_55' title='bbox 524 1006 588 1060; x_wconf 91' lang='lat' dir='ltr'><strong>tam</strong></span> <span class='ocrx_word' id='word_1_56' title='bbox 607 999 747 1075; x_wconf 82' lang='lat' dir='ltr'><strong>ferreus,</strong></span> <span class='ocrx_word' id='word_1_57' title='bbox 767 1005 803 1059; x_wconf 89' lang='lat' dir='ltr'><strong>ut</strong></span> <span class='ocrx_word' id='word_1_58' title='bbox 816 1004 923 1058; x_wconf 85' lang='lat' dir='ltr'><strong>teneat</strong></span> <span class='ocrx_word' id='word_1_59' title='bbox 937 1000 993 1058; x_wconf 74' lang='lat' dir='ltr'><strong>sel</strong></span> 
     </span>
    </p>

    <p class='ocr_par' dir='ltr' id='par_1_7' title="bbox 165 1082 963 1163">
     <span class='ocr_line' id='line_1_10' title="bbox 165 1082 963 1163; baseline -0.006 -15"><span class='ocrx_word' id='word_1_60' title='bbox 165 1085 321 1148; x_wconf 80' lang='lat' dir='ltr'><strong>Causidiei</strong></span> <span class='ocrx_word' id='word_1_61' title='bbox 341 1105 419 1145; x_wconf 85' lang='lat' dir='ltr'><strong>nova</strong></span> <span class='ocrx_word' id='word_1_62' title='bbox 440 1104 531 1163; x_wconf 90' lang='lat' dir='ltr'><strong>quum</strong></span> <span class='ocrx_word' id='word_1_63' title='bbox 551 1085 654 1145; x_wconf 83' lang='lat' dir='ltr'><strong>veniat</strong></span> <span class='ocrx_word' id='word_1_64' title='bbox 672 1082 786 1143; x_wconf 80' lang='lat' dir='ltr'><strong>lectica</strong></span> <span class='ocrx_word' id='word_1_65' title='bbox 805 1082 963 1143; x_wconf 81' lang='lat' dir='ltr'><strong>Mathonis</strong></span> 
     </span>
    </p>

    <p class='ocr_par' dir='ltr' id='par_1_8' title="bbox 164 1166 937 1250">
     <span class='ocr_line' id='line_1_11' title="bbox 164 1166 937 1250; baseline -0.004 -21"><span class='ocrx_word' id='word_1_66' title='bbox 164 1169 292 1230; x_wconf 89' lang='lat' dir='ltr'><strong>Plena&#39;</strong></span> <span class='ocrx_word' id='word_1_67' title='bbox 283 1186 370 1249; x_wconf 82' lang='lat' dir='ltr'><strong>tpso;</strong></span> <span class='ocrx_word' id='word_1_68' title='bbox 391 1175 462 1250; x_wconf 89' lang='lat' dir='ltr'><strong>post</strong></span> <span class='ocrx_word' id='word_1_69' title='bbox 481 1169 564 1228; x_wconf 92' lang='lat' dir='ltr'><strong>hunc</strong></span> <span class='ocrx_word' id='word_1_70' title='bbox 583 1169 686 1246; x_wconf 88' lang='lat' dir='ltr'><strong>magni</strong></span> <span class='ocrx_word' id='word_1_71' title='bbox 706 1166 827 1228; x_wconf 89' lang='lat' dir='ltr'><strong>delator</strong></span> <span class='ocrx_word' id='word_1_72' title='bbox 849 1168 937 1226; x_wconf 84' lang='lat' dir='ltr'><strong>umici</strong></span> 
     </span>
    </p>

    <p class='ocr_par' dir='ltr' id='par_1_9' title="bbox 164 1250 1256 1502">
     <span class='ocr_line' id='line_1_12' title="bbox 164 1250 1256 1357; baseline -0.005 -42"><span class='ocrx_word' id='word_1_73' title='bbox 164 1256 206 1315; x_wconf 80' lang='lat' dir='ltr'><strong>Et</strong></span> <span class='ocrx_word' id='word_1_74' title='bbox 227 1254 288 1313; x_wconf 91' lang='lat' dir='ltr'><strong>cito</strong></span> <span class='ocrx_word' id='word_1_75' title='bbox 310 1260 453 1334; x_wconf 91' lang='lat' dir='ltr'><strong>rapturus</strong></span> <span class='ocrx_word' id='word_1_76' title='bbox 475 1251 515 1312; x_wconf 91' lang='lat' dir='ltr'><strong>de</strong></span> <span class='ocrx_word' id='word_1_77' title='bbox 536 1250 701 1311; x_wconf 86' lang='lat' dir='ltr'><strong>nobilitate</strong></span> <span class='ocrx_word' id='word_1_78' title='bbox 724 1269 860 1328; x_wconf 89' lang='lat' dir='ltr'><strong>comesa,</strong></span> <span class='ocrx_word' id='word_1_79' title='bbox 1255 1278 1256 1357; x_wconf 59' lang='lat' dir='ltr'><strong>p</strong></span> 
     </span>
     <span class='ocr_line' id='line_1_13' title="bbox 166 1313 1197 1418; baseline 0.003 -22"><span class='ocrx_word' id='word_1_80' title='bbox 166 1336 255 1414; x_wconf 78' lang='lat' dir='ltr'><strong>Quod</strong></span> <span class='ocrx_word' id='word_1_81' title='bbox 266 1343 419 1418; x_wconf 80' lang='lat' dir='ltr'><strong>superest,</strong></span> <span class='ocrx_word' id='word_1_82' title='bbox 435 1355 526 1416; x_wconf 88' lang='lat' dir='ltr'><strong>quem</strong></span> <span class='ocrx_word' id='word_1_83' title='bbox 539 1335 644 1396; x_wconf 84' lang='lat' dir='ltr'><strong>Massa</strong></span> <span class='ocrx_word' id='word_1_84' title='bbox 656 1337 761 1414; x_wconf 90' lang='lat' dir='ltr'><strong>timet,</strong></span> <span class='ocrx_word' id='word_1_85' title='bbox 775 1353 866 1413; x_wconf 85' lang='lat' dir='ltr'><strong>quem</strong></span> <span class='ocrx_word' id='word_1_86' title='bbox 877 1353 1004 1394; x_wconf 90' lang='lat' dir='ltr'><strong>munere</strong></span> <span class='ocrx_word' id='word_1_87' title='bbox 1016 1313 1119 1416; x_wconf 84' lang='lat' dir='ltr'><strong>palpat</strong></span> <span class='ocrx_word' id='word_1_88' title='bbox 1158 1345 1197 1399; x_wconf 77' lang='lat'><strong>35</strong></span> 
     </span>
     <span class='ocr_line' id='line_1_14' title="bbox 166 1417 1008 1502; baseline -0.004 -20"><span class='ocrx_word' id='word_1_89' title='bbox 166 1424 263 1484; x_wconf 80' lang='lat' dir='ltr'><strong>Carus</strong></span> <span class='ocrx_word' id='word_1_90' title='bbox 286 1428 319 1481; x_wconf 92' lang='lat' dir='ltr'><strong>et</strong></span> <span class='ocrx_word' id='word_1_91' title='bbox 341 1443 358 1481; x_wconf 91' lang='lat' dir='ltr'><strong>a</strong></span> <span class='ocrx_word' id='word_1_92' title='bbox 378 1420 502 1502; x_wconf 89' lang='lat' dir='ltr'><strong>trepido</strong></span> <span class='ocrx_word' id='word_1_93' title='bbox 525 1418 680 1499; x_wconf 82' lang='lat' dir='ltr'><strong>Thymele</strong></span> <span class='ocrx_word' id='word_1_94' title='bbox 701 1421 860 1479; x_wconf 85' lang='lat' dir='ltr'><strong>summissa</strong></span> <span class='ocrx_word' id='word_1_95' title='bbox 879 1417 1008 1494; x_wconf 87' lang='lat' dir='ltr'><strong>Latino;</strong></span> 
     </span>
    </p>

    <p class='ocr_par' dir='ltr' id='par_1_10' title="bbox 164 1507 1036 1668">
     <span class='ocr_line' id='line_1_15' title="bbox 166 1507 1036 1583; baseline -0.004 -18"><span class='ocrx_word' id='word_1_96' title='bbox 166 1508 265 1582; x_wconf 79' lang='lat' dir='ltr'><strong>Quum</strong></span> <span class='ocrx_word' id='word_1_97' title='bbox 282 1511 316 1566; x_wconf 88' lang='lat' dir='ltr'><strong>te</strong></span> <span class='ocrx_word' id='word_1_98' title='bbox 338 1511 562 1583; x_wconf 81' lang='lat' dir='ltr'><strong>summoveant,</strong></span> <span class='ocrx_word' id='word_1_99' title='bbox 583 1507 635 1582; x_wconf 89' lang='lat' dir='ltr'><strong>qui</strong></span> <span class='ocrx_word' id='word_1_100' title='bbox 655 1507 842 1564; x_wconf 87' lang='lat' dir='ltr'><strong>testamenta</strong></span> <span class='ocrx_word' id='word_1_101' title='bbox 859 1508 1036 1563; x_wconf 91' lang='lat' dir='ltr'><strong>merentur</strong></span> 
     </span>
     <span class='ocr_line' id='line_1_16' title="bbox 164 1588 1011 1668; baseline -0.005 -17"><span class='ocrx_word' id='word_1_102' title='bbox 164 1590 360 1668; x_wconf 85' lang='lat' dir='ltr'><strong>Noctibus,</strong></span> <span class='ocrx_word' id='word_1_103' title='bbox 350 1610 383 1650; x_wconf 92' lang='lat' dir='ltr'><strong>1n</strong></span> <span class='ocrx_word' id='word_1_104' title='bbox 404 1588 525 1649; x_wconf 91' lang='lat' dir='ltr'><strong>coelum</strong></span> <span class='ocrx_word' id='word_1_105' title='bbox 545 1607 621 1668; x_wconf 88' lang='lat' dir='ltr'><strong>quos</strong></span> <span class='ocrx_word' id='word_1_106' title='bbox 642 1589 747 1649; x_wconf 88' lang='lat' dir='ltr'><strong>evehit</strong></span> <span class='ocrx_word' id='word_1_107' title='bbox 767 1589 882 1667; x_wconf 91' lang='lat' dir='ltr'><strong>optima</strong></span> <span class='ocrx_word' id='word_1_108' title='bbox 903 1588 1011 1648; x_wconf 89' lang='lat' dir='ltr'><strong>summi</strong></span> 
     </span>
    </p>

    <p class='ocr_par' dir='ltr' id='par_1_11' title="bbox 164 1670 942 1755">
     <span class='ocr_line' id='line_1_17' title="bbox 164 1670 942 1755; baseline -0.005 -21"><span class='ocrx_word' id='word_1_109' title='bbox 164 1675 252 1735; x_wconf 92' lang='lat' dir='ltr'><strong>Nunc</strong></span> <span class='ocrx_word' id='word_1_110' title='bbox 273 1676 322 1734; x_wconf 79' lang='lat' dir='ltr'><strong>via</strong></span> <span class='ocrx_word' id='word_1_111' title='bbox 341 1693 521 1755; x_wconf 87' lang='lat' dir='ltr'><strong>processus,</strong></span> <span class='ocrx_word' id='word_1_112' title='bbox 543 1670 665 1733; x_wconf 84' lang='lat' dir='ltr'><strong>vetulae</strong></span> <span class='ocrx_word' id='word_1_113' title='bbox 688 1673 790 1732; x_wconf 86' lang='lat' dir='ltr'><strong>vesica</strong></span> <span class='ocrx_word' id='word_1_114' title='bbox 810 1671 942 1732; x_wconf 72' lang='lat' dir='ltr'><strong>beatae?</strong></span> 
     </span>
    </p>

    <p class='ocr_par' dir='ltr' id='par_1_12' title="bbox 164 1754 1197 2007">
     <span class='ocr_line' id='line_1_18' title="bbox 165 1754 1197 1834; baseline -0.001 -14"><span class='ocrx_word' id='word_1_115' title='bbox 165 1757 325 1820; x_wconf 88' lang='lat' dir='ltr'><strong>Unciolam</strong></span> <span class='ocrx_word' id='word_1_116' title='bbox 342 1757 523 1819; x_wconf 87' lang='lat' dir='ltr'><strong>Proculeius</strong></span> <span class='ocrx_word' id='word_1_117' title='bbox 544 1758 654 1834; x_wconf 85' lang='lat' dir='ltr'><strong>habet,</strong></span> <span class='ocrx_word' id='word_1_118' title='bbox 676 1755 734 1816; x_wconf 91' lang='lat' dir='ltr'><strong>sed</strong></span> <span class='ocrx_word' id='word_1_119' title='bbox 747 1754 832 1817; x_wconf 80' lang='lat' dir='ltr'><strong>Gillo</strong></span> <span class='ocrx_word' id='word_1_120' title='bbox 855 1755 1019 1833; x_wconf 83' lang='lat' dir='ltr'><strong>deuncem,</strong></span> <span class='ocrx_word' id='word_1_121' title='bbox 1144 1764 1197 1819; x_wconf 73' lang='lat'><strong>&#39;40</strong></span> 
     </span>
     <span class='ocr_line' id='line_1_19' title="bbox 164 1840 1041 1923; baseline -0.002 -20"><span class='ocrx_word' id='word_1_122' title='bbox 164 1844 275 1904; x_wconf 82' lang='lat' dir='ltr'><strong>Partes</strong></span> <span class='ocrx_word' id='word_1_123' title='bbox 297 1844 426 1923; x_wconf 85' lang='lat' dir='ltr'><strong>quisque</strong></span> <span class='ocrx_word' id='word_1_124' title='bbox 448 1861 516 1904; x_wconf 88' lang='lat' dir='ltr'><strong>suas</strong></span> <span class='ocrx_word' id='word_1_125' title='bbox 539 1840 578 1900; x_wconf 83' lang='lat' dir='ltr'><strong>ad</strong></span> <span class='ocrx_word' id='word_1_126' title='bbox 596 1860 770 1902; x_wconf 87' lang='lat' dir='ltr'><strong>mensuram</strong></span> <span class='ocrx_word' id='word_1_127' title='bbox 789 1841 924 1919; x_wconf 76' lang='lat' dir='ltr'><strong>inguinis</strong></span> <span class='ocrx_word' id='word_1_128' title='bbox 939 1841 1041 1901; x_wconf 87' lang='lat' dir='ltr'><strong>heres.</strong></span> 
     </span>
     <span class='ocr_line' id='line_1_20' title="bbox 165 1924 892 2007; baseline -0.004 -20"><span class='ocrx_word' id='word_1_129' title='bbox 165 1928 305 2007; x_wconf 87' lang='lat' dir='ltr'><strong>Accipiat</strong></span> <span class='ocrx_word' id='word_1_130' title='bbox 326 1946 399 1987; x_wconf 90' lang='lat' dir='ltr'><strong>sane</strong></span> <span class='ocrx_word' id='word_1_131' title='bbox 419 1924 596 1987; x_wconf 87' lang='lat' dir='ltr'><strong>mercedem</strong></span> <span class='ocrx_word' id='word_1_132' title='bbox 616 1927 771 2002; x_wconf 86' lang='lat' dir='ltr'><strong>sanguinis</strong></span> <span class='ocrx_word' id='word_1_133' title='bbox 793 1931 826 1985; x_wconf 92' lang='lat' dir='ltr'><strong>et</strong></span> <span class='ocrx_word' id='word_1_134' title='bbox 847 1927 892 1985; x_wconf 89' lang='lat' dir='ltr'><strong>sic</strong></span> 
     </span>
    </p>

    <p class='ocr_par' dir='ltr' id='par_1_13' title="bbox 164 2007 992 2090">
     <span class='ocr_line' id='line_1_21' title="bbox 164 2007 992 2090; baseline -0.004 -20"><span class='ocrx_word' id='word_1_135' title='bbox 164 2009 299 2088; x_wconf 86' lang='lat' dir='ltr'><strong>Palleat,</strong></span> <span class='ocrx_word' id='word_1_136' title='bbox 321 2016 356 2070; x_wconf 89' lang='lat' dir='ltr'><strong>ut</strong></span> <span class='ocrx_word' id='word_1_137' title='bbox 377 2009 468 2070; x_wconf 89' lang='lat' dir='ltr'><strong>nudis</strong></span> <span class='ocrx_word' id='word_1_138' title='bbox 487 2010 604 2090; x_wconf 84' lang='lat' dir='ltr'><strong>pressit</strong></span> <span class='ocrx_word' id='word_1_139' title='bbox 625 2011 677 2086; x_wconf 91' lang='lat' dir='ltr'><strong>qui</strong></span> <span class='ocrx_word' id='word_1_140' title='bbox 698 2007 834 2068; x_wconf 87' lang='lat' dir='ltr'><strong>calcibus</strong></span> <span class='ocrx_word' id='word_1_141' title='bbox 848 2027 992 2087; x_wconf 81' lang='lat' dir='ltr'><strong>anguem,</strong></span> 
     </span>
    </p>

    <p class='ocr_par' dir='ltr' id='par_1_14' title="bbox 165 2091 950 2173">
     <span class='ocr_line' id='line_1_22' title="bbox 165 2091 950 2173; baseline -0.003 -19"><span class='ocrx_word' id='word_1_142' title='bbox 165 2096 228 2154; x_wconf 87' lang='lat' dir='ltr'><strong>Aut</strong></span> <span class='ocrx_word' id='word_1_143' title='bbox 247 2093 484 2173; x_wconf 83' lang='lat' dir='ltr'><strong>Lugdunensem</strong></span> <span class='ocrx_word' id='word_1_144' title='bbox 505 2094 613 2153; x_wconf 88' lang='lat' dir='ltr'><strong>rhetor</strong></span> <span class='ocrx_word' id='word_1_145' title='bbox 635 2092 774 2152; x_wconf 88' lang='lat' dir='ltr'><strong>dicturus</strong></span> <span class='ocrx_word' id='word_1_146' title='bbox 793 2091 832 2152; x_wconf 92' lang='lat' dir='ltr'><strong>ad</strong></span> <span class='ocrx_word' id='word_1_147' title='bbox 852 2093 950 2152; x_wconf 89' lang='lat' dir='ltr'><strong>aram!</strong></span> 
     </span>
    </p>

    <p class='ocr_par' dir='ltr' id='par_1_15' title="bbox 164 2176 1197 2428">
     <span class='ocr_line' id='line_1_23' title="bbox 166 2176 1197 2258; baseline 0.002 -20"><span class='ocrx_word' id='word_1_148' title='bbox 166 2177 248 2254; x_wconf 84' lang='lat' dir='ltr'><strong>Quid</strong></span> <span class='ocrx_word' id='word_1_149' title='bbox 267 2178 418 2257; x_wconf 79' lang='lat' dir='ltr'><strong>referam,</strong></span> <span class='ocrx_word' id='word_1_150' title='bbox 440 2184 553 2258; x_wconf 87' lang='lat' dir='ltr'><strong>quanta</strong></span> <span class='ocrx_word' id='word_1_151' title='bbox 575 2179 689 2237; x_wconf 83' lang='lat' dir='ltr'><strong>siceum</strong></span> <span class='ocrx_word' id='word_1_152' title='bbox 709 2178 796 2237; x_wconf 85' lang='lat' dir='ltr'><strong>iecur</strong></span> <span class='ocrx_word' id='word_1_153' title='bbox 818 2176 925 2237; x_wconf 85' lang='lat' dir='ltr'><strong>ardeat</strong></span> <span class='ocrx_word' id='word_1_154' title='bbox 945 2177 1008 2257; x_wconf 86' lang='lat' dir='ltr'><strong>irs,</strong></span> <span class='ocrx_word' id='word_1_155' title='bbox 1161 2187 1197 2240; x_wconf 75' lang='lat'><strong>45</strong></span> 
     </span>
     <span class='ocr_line' id='line_1_24' title="bbox 166 2258 1145 2344; baseline 0 -22"><span class='ocrx_word' id='word_1_156' title='bbox 166 2264 265 2338; x_wconf 78' lang='lat' dir='ltr'><strong>Quum</strong></span> <span class='ocrx_word' id='word_1_157' title='bbox 286 2262 432 2344; x_wconf 89' lang='lat' dir='ltr'><strong>populum</strong></span> <span class='ocrx_word' id='word_1_158' title='bbox 452 2262 597 2342; x_wconf 86' lang='lat' dir='ltr'><strong>gregibus</strong></span> <span class='ocrx_word' id='word_1_159' title='bbox 619 2261 764 2322; x_wconf 89' lang='lat' dir='ltr'><strong>comitum</strong></span> <span class='ocrx_word' id='word_1_160' title='bbox 784 2268 905 2342; x_wconf 88' lang='lat' dir='ltr'><strong>premat</strong></span> <span class='ocrx_word' id='word_1_161' title='bbox 923 2262 975 2321; x_wconf 87' lang='lat' dir='ltr'><strong>hie</strong></span> <span class='ocrx_word' id='word_1_162' title='bbox 997 2258 1145 2343; x_wconf 88' lang='lat' dir='ltr'><strong>spoliator</strong></span> 
     </span>
     <span class='ocr_line' id='line_1_25' title="bbox 164 2345 890 2428; baseline -0.001 -22"><span class='ocrx_word' id='word_1_163' title='bbox 164 2346 281 2428; x_wconf 89' lang='lat' dir='ltr'><strong>Pupilli</strong></span> <span class='ocrx_word' id='word_1_164' title='bbox 299 2348 491 2428; x_wconf 76' lang='lat' dir='ltr'><strong>prostantis‘²</strong></span> <span class='ocrx_word' id='word_1_165' title='bbox 513 2353 544 2406; x_wconf 90' lang='lat' dir='ltr'><strong>at</strong></span> <span class='ocrx_word' id='word_1_166' title='bbox 563 2346 615 2406; x_wconf 90' lang='lat' dir='ltr'><strong>hie</strong></span> <span class='ocrx_word' id='word_1_167' title='bbox 635 2345 816 2405; x_wconf 79' lang='lat' dir='ltr'><strong>damnatus</strong></span> <span class='ocrx_word' id='word_1_168' title='bbox 806 2347 890 2406; x_wconf 81' lang='lat' dir='ltr'><strong>unani</strong></span> 
     </span>
    </p>

    <p class='ocr_par' dir='ltr' id='par_1_16' title="bbox 163 2424 958 2532">
     <span class='ocr_line' id='line_1_26' title="bbox 163 2424 958 2532; baseline -0.004 -40"><span class='ocrx_word' id='word_1_169' title='bbox 163 2431 279 2492; x_wconf 91' lang='lat' dir='ltr'><strong>Iudicio</strong></span> <span class='ocrx_word' id='word_1_170' title='bbox 302 2424 399 2519; x_wconf 89' lang='lat' dir='ltr'><strong>(quid</strong></span> <span class='ocrx_word' id='word_1_171' title='bbox 419 2434 502 2493; x_wconf 85' lang='lat' dir='ltr'><strong>enirn</strong></span> <span class='ocrx_word' id='word_1_172' title='bbox 522 2429 614 2491; x_wconf 85' lang='lat' dir='ltr'><strong>salvis</strong></span> <span class='ocrx_word' id='word_1_173' title='bbox 635 2430 763 2490; x_wconf 85' lang='lat' dir='ltr'><strong>infamia</strong></span> <span class='ocrx_word' id='word_1_174' title='bbox 783 2425 958 2532; x_wconf 76' lang='lat' dir='ltr'><strong>nummis‘l)</strong></span> 
     </span>
    </p>

    <p class='ocr_par' dir='ltr' id='par_1_17' title="bbox 162 2506 942 2578">
     <span class='ocr_line' id='line_1_27' title="bbox 162 2506 942 2578; baseline -0.004 -1"><span class='ocrx_word' id='word_1_175' title='bbox 162 2514 259 2577; x_wconf 83' lang='lat' dir='ltr'><strong>Exsul</strong></span> <span class='ocrx_word' id='word_1_176' title='bbox 281 2519 317 2578; x_wconf 87' lang='lat' dir='ltr'><strong>ab</strong></span> <span class='ocrx_word' id='word_1_177' title='bbox 340 2524 444 2578; x_wconf 85' lang='lat' dir='ltr'><strong>octava</strong></span> <span class='ocrx_word' id='word_1_178' title='bbox 465 2516 584 2576; x_wconf 80' lang='lat' dir='ltr'><strong>Marius</strong></span> <span class='ocrx_word' id='word_1_179' title='bbox 605 2515 685 2574; x_wconf 92' lang='lat' dir='ltr'><strong>bibit</strong></span> <span class='ocrx_word' id='word_1_180' title='bbox 704 2520 737 2574; x_wconf 91' lang='lat' dir='ltr'><strong>et</strong></span> <span class='ocrx_word' id='word_1_181' title='bbox 756 2506 872 2575; x_wconf 78' lang='lat' dir='ltr'><strong>fruitur</strong></span> <span class='ocrx_word' id='word_1_182' title='bbox 894 2514 942 2574; x_wconf 89' lang='lat' dir='ltr'><strong>dis</strong></span> 
     </span>
    </p>

    <p class='ocr_par' dir='ltr' id='par_1_18' title="bbox 162 2597 1199 2763">
     <span class='ocr_line' id='line_1_28' title="bbox 162 2597 1199 2680; baseline 0.001 -21"><span class='ocrx_word' id='word_1_183' title='bbox 162 2600 268 2660; x_wconf 80' lang='lat' dir='ltr'><strong>luatis.</strong></span> <span class='ocrx_word' id='word_1_184' title='bbox 293 2606 325 2660; x_wconf 87' lang='lat' dir='ltr'><strong>ut</strong></span> <span class='ocrx_word' id='word_1_185' title='bbox 344 2605 380 2660; x_wconf 91' lang='lat' dir='ltr'><strong>tu</strong></span> <span class='ocrx_word' id='word_1_186' title='bbox 400 2601 511 2660; x_wconf 82' lang='lat' dir='ltr'><strong>victrix</strong></span> <span class='ocrx_word' id='word_1_187' title='bbox 532 2599 689 2680; x_wconf 87' lang='lat' dir='ltr'><strong>provincia</strong></span> <span class='ocrx_word' id='word_1_188' title='bbox 710 2597 830 2679; x_wconf 84' lang='lat' dir='ltr'><strong>ploras!</strong></span> <span class='ocrx_word' id='word_1_189' title='bbox 1160 2607 1199 2660; x_wconf 82' lang='lat'><strong>50</strong></span> 
     </span>
     <span class='ocr_line' id='line_1_29' title="bbox 163 2680 1019 2763; baseline -0.006 -19"><span class='ocrx_word' id='word_1_190' title='bbox 163 2684 250 2744; x_wconf 84' lang='lat' dir='ltr'><strong>llaec</strong></span> <span class='ocrx_word' id='word_1_191' title='bbox 273 2702 330 2763; x_wconf 87' lang='lat' dir='ltr'><strong>ego</strong></span> <span class='ocrx_word' id='word_1_192' title='bbox 353 2703 415 2744; x_wconf 92' lang='lat' dir='ltr'><strong>non</strong></span> <span class='ocrx_word' id='word_1_193' title='bbox 435 2682 560 2744; x_wconf 87' lang='lat' dir='ltr'><strong>credam</strong></span> <span class='ocrx_word' id='word_1_194' title='bbox 578 2684 736 2744; x_wconf 86' lang='lat' dir='ltr'><strong>Venusina</strong></span> <span class='ocrx_word' id='word_1_195' title='bbox 758 2682 850 2761; x_wconf 88' lang='lat' dir='ltr'><strong>digna</strong></span> <span class='ocrx_word' id='word_1_196' title='bbox 870 2680 1019 2742; x_wconf 71' lang='lat' dir='ltr'><strong>lucerna?</strong></span> 
     </span>
    </p>

    <p class='ocr_par' dir='ltr' id='par_1_19' title="bbox 163 2765 1075 2848">
     <span class='ocr_line' id='line_1_30' title="bbox 163 2765 1075 2848; baseline -0.002 -21"><span class='ocrx_word' id='word_1_197' title='bbox 163 2767 250 2828; x_wconf 88' lang='lat' dir='ltr'><strong>Haec</strong></span> <span class='ocrx_word' id='word_1_198' title='bbox 270 2787 327 2847; x_wconf 89' lang='lat' dir='ltr'><strong>ego</strong></span> <span class='ocrx_word' id='word_1_199' title='bbox 348 2788 410 2829; x_wconf 93' lang='lat' dir='ltr'><strong>non</strong></span> <span class='ocrx_word' id='word_1_200' title='bbox 431 2767 566 2848; x_wconf 65' lang='lat' dir='ltr'><strong>agitem?</strong></span> <span class='ocrx_word' id='word_1_201' title='bbox 587 2766 643 2827; x_wconf 90' lang='lat' dir='ltr'><strong>sed</strong></span> <span class='ocrx_word' id='word_1_202' title='bbox 666 2765 740 2846; x_wconf 90' lang='lat' dir='ltr'><strong>quid</strong></span> <span class='ocrx_word' id='word_1_203' title='bbox 761 2768 856 2845; x_wconf 86' lang='lat' dir='ltr'><strong>magis</strong></span> <span class='ocrx_word' id='word_1_204' title='bbox 877 2765 1075 2843; x_wconf 86' lang='lat' dir='ltr'><strong>Herculeiss,</strong></span> 
     </span>
    </p>

    <p class='ocr_par' dir='ltr' id='par_1_20' title="bbox 163 2850 891 2932">
     <span class='ocr_line' id='line_1_31' title="bbox 163 2850 891 2932; baseline -0.001 -21"><span class='ocrx_word' id='word_1_205' title='bbox 163 2853 226 2911; x_wconf 83' lang='lat' dir='ltr'><strong>Aut</strong></span> <span class='ocrx_word' id='word_1_206' title='bbox 240 2852 440 2932; x_wconf 89' lang='lat' dir='ltr'><strong>Diomedeas,</strong></span> <span class='ocrx_word' id='word_1_207' title='bbox 461 2858 514 2913; x_wconf 85' lang='lat' dir='ltr'><strong>aut</strong></span> <span class='ocrx_word' id='word_1_208' title='bbox 526 2853 674 2929; x_wconf 88' lang='lat' dir='ltr'><strong>mugitum</strong></span> <span class='ocrx_word' id='word_1_209' title='bbox 691 2850 891 2930; x_wconf 82' lang='lat' dir='ltr'><strong>Labyrinthi,</strong></span> 
     </span>
    </p>

    <p class='ocr_par' dir='ltr' id='par_1_21' title="bbox 162 2933 1031 3018">
     <span class='ocr_line' id='line_1_32' title="bbox 162 2933 1031 3018; baseline -0.005 -21"><span class='ocrx_word' id='word_1_210' title='bbox 162 2937 206 2997; x_wconf 78' lang='lat' dir='ltr'><strong>ut</strong></span> <span class='ocrx_word' id='word_1_211' title='bbox 225 2956 309 2997; x_wconf 88' lang='lat' dir='ltr'><strong>mare</strong></span> <span class='ocrx_word' id='word_1_212' title='bbox 328 2956 509 3018; x_wconf 85' lang='lat' dir='ltr'><strong>percussum</strong></span> <span class='ocrx_word' id='word_1_213' title='bbox 529 2954 627 3017; x_wconf 89' lang='lat' dir='ltr'><strong>puero</strong></span> <span class='ocrx_word' id='word_1_214' title='bbox 648 2936 831 3014; x_wconf 83' lang='lat' dir='ltr'><strong>labrumque</strong></span> <span class='ocrx_word' id='word_1_215' title='bbox 852 2933 1031 2996; x_wconf 70' lang='lat' dir='ltr'><strong>volantem?</strong></span> 
     </span>
    </p>

    <p class='ocr_par' dir='ltr' id='par_1_22' title="bbox 161 3016 1199 3186">
     <span class='ocr_line' id='line_1_33' title="bbox 163 3016 1199 3123; baseline 0.003 -45"><span class='ocrx_word' id='word_1_216' title='bbox 163 3019 263 3097; x_wconf 76' lang='lat' dir='ltr'><strong>Quum</strong></span> <span class='ocrx_word' id='word_1_217' title='bbox 281 3021 353 3082; x_wconf 93' lang='lat' dir='ltr'><strong>leno</strong></span> <span class='ocrx_word' id='word_1_218' title='bbox 374 3023 504 3123; x_wconf 80' lang='lat' dir='ltr'><strong>recipiat</strong></span> <span class='ocrx_word' id='word_1_219' title='bbox 523 3021 645 3080; x_wconf 86' lang='lat' dir='ltr'><strong>moechi</strong></span> <span class='ocrx_word' id='word_1_220' title='bbox 665 3021 762 3098; x_wconf 86' lang='lat' dir='ltr'><strong>bona,</strong></span> <span class='ocrx_word' id='word_1_221' title='bbox 783 3019 810 3079; x_wconf 89' lang='lat' dir='ltr'><strong>si</strong></span> <span class='ocrx_word' id='word_1_222' title='bbox 832 3016 974 3100; x_wconf 86' lang='lat' dir='ltr'><strong>capiendi</strong></span> <span class='ocrx_word' id='word_1_223' title='bbox 1162 3026 1199 3081; x_wconf 78' lang='lat'><strong>55</strong></span> 
     </span>
     <span class='ocr_line' id='line_1_34' title="bbox 161 3102 930 3186; baseline -0.004 -21"><span class='ocrx_word' id='word_1_224' title='bbox 161 3104 212 3165; x_wconf 89' lang='lat' dir='ltr'><strong>lus</strong></span> <span class='ocrx_word' id='word_1_225' title='bbox 232 3102 350 3165; x_wconf 92' lang='lat' dir='ltr'><strong>nullum</strong></span> <span class='ocrx_word' id='word_1_226' title='bbox 369 3107 474 3182; x_wconf 85' lang='lat' dir='ltr'><strong>uxori,</strong></span> <span class='ocrx_word' id='word_1_227' title='bbox 495 3103 604 3165; x_wconf 89' lang='lat' dir='ltr'><strong>doctus</strong></span> <span class='ocrx_word' id='word_1_228' title='bbox 625 3110 768 3186; x_wconf 85' lang='lat' dir='ltr'><strong>spectare</strong></span> <span class='ocrx_word' id='word_1_229' title='bbox 787 3103 930 3178; x_wconf 78' lang='lat' dir='ltr'><strong>lacunar,</strong></span> 
     </span>
    </p>

    <p class='ocr_par' dir='ltr' id='par_1_23' title="bbox 161 3188 973 3268">
     <span class='ocr_line' id='line_1_35' title="bbox 161 3188 973 3268; baseline -0.002 -21"><span class='ocrx_word' id='word_1_230' title='bbox 161 3189 278 3249; x_wconf 89' lang='lat' dir='ltr'><strong>Doctus</strong></span> <span class='ocrx_word' id='word_1_231' title='bbox 300 3195 333 3249; x_wconf 90' lang='lat' dir='ltr'><strong>et</strong></span> <span class='ocrx_word' id='word_1_232' title='bbox 354 3189 394 3249; x_wconf 91' lang='lat' dir='ltr'><strong>ad</strong></span> <span class='ocrx_word' id='word_1_233' title='bbox 414 3188 543 3249; x_wconf 88' lang='lat' dir='ltr'><strong>culicem</strong></span> <span class='ocrx_word' id='word_1_234' title='bbox 563 3188 703 3268; x_wconf 79' lang='lat' dir='ltr'><strong>vigilanti</strong></span> <span class='ocrx_word' id='word_1_235' title='bbox 723 3194 859 3248; x_wconf 85' lang='lat' dir='ltr'><strong>stertere</strong></span> <span class='ocrx_word' id='word_1_236' title='bbox 881 3204 973 3260; x_wconf 87' lang='lat' dir='ltr'><strong>naso;</strong></span> 
     </span>
    </p>

    <p class='ocr_par' dir='ltr' id='par_1_24' title="bbox 162 3270 982 3354">
     <span class='ocr_line' id='line_1_36' title="bbox 162 3270 982 3354; baseline -0.001 -23"><span class='ocrx_word' id='word_1_237' title='bbox 162 3273 262 3350; x_wconf 79' lang='lat' dir='ltr'><strong>Quum</strong></span> <span class='ocrx_word' id='word_1_238' title='bbox 283 3272 330 3332; x_wconf 86' lang='lat' dir='ltr'><strong>fas</strong></span> <span class='ocrx_word' id='word_1_239' title='bbox 351 3292 420 3334; x_wconf 90' lang='lat' dir='ltr'><strong>esse</strong></span> <span class='ocrx_word' id='word_1_240' title='bbox 441 3278 531 3354; x_wconf 91' lang='lat' dir='ltr'><strong>putet</strong></span> <span class='ocrx_word' id='word_1_241' title='bbox 553 3292 657 3334; x_wconf 87' lang='lat' dir='ltr'><strong>curam</strong></span> <span class='ocrx_word' id='word_1_242' title='bbox 677 3289 805 3353; x_wconf 80' lang='lat' dir='ltr'><strong>sperare</strong></span> <span class='ocrx_word' id='word_1_243' title='bbox 828 3270 982 3347; x_wconf 82' lang='lat' dir='ltr'><strong>cohortis,</strong></span> 
     </span>
    </p>

    <p class='ocr_par' dir='ltr' id='par_1_25' title="bbox 163 3355 945 3437">
     <span class='ocr_line' id='line_1_37' title="bbox 163 3355 945 3437; baseline -0.003 -21"><span class='ocrx_word' id='word_1_244' title='bbox 163 3356 223 3432; x_wconf 84' lang='lat' dir='ltr'><strong>Qui</strong></span> <span class='ocrx_word' id='word_1_245' title='bbox 240 3359 320 3417; x_wconf 87' lang='lat' dir='ltr'><strong>bona</strong></span> <span class='ocrx_word' id='word_1_246' title='bbox 340 3356 463 3418; x_wconf 80' lang='lat' dir='ltr'><strong>donavit</strong></span> <span class='ocrx_word' id='word_1_247' title='bbox 479 3359 682 3437; x_wconf 87' lang='lat' dir='ltr'><strong>praesepibus</strong></span> <span class='ocrx_word' id='word_1_248' title='bbox 701 3362 735 3416; x_wconf 92' lang='lat' dir='ltr'><strong>et</strong></span> <span class='ocrx_word' id='word_1_249' title='bbox 755 3360 841 3415; x_wconf 85' lang='lat' dir='ltr'><strong>caret</strong></span> <span class='ocrx_word' id='word_1_250' title='bbox 863 3355 945 3415; x_wconf 90' lang='lat' dir='ltr'><strong>omui</strong></span> 
     </span>
    </p>

    <p class='ocr_par' dir='ltr' id='par_1_26' title="bbox 160 3440 1201 3608">
     <span class='ocr_line' id='line_1_38' title="bbox 162 3440 1201 3521; baseline -0.002 -21"><span class='ocrx_word' id='word_1_251' title='bbox 162 3440 317 3501; x_wconf 82' lang='lat' dir='ltr'><strong>Malorum</strong></span> <span class='ocrx_word' id='word_1_252' title='bbox 338 3459 448 3520; x_wconf 89' lang='lat' dir='ltr'><strong>censu,</strong></span> <span class='ocrx_word' id='word_1_253' title='bbox 471 3440 542 3501; x_wconf 90' lang='lat' dir='ltr'><strong>dum</strong></span> <span class='ocrx_word' id='word_1_254' title='bbox 562 3440 705 3521; x_wconf 84' lang='lat' dir='ltr'><strong>pervolat</strong></span> <span class='ocrx_word' id='word_1_255' title='bbox 726 3457 781 3500; x_wconf 82' lang='lat' dir='ltr'><strong>axe</strong></span> <span class='ocrx_word' id='word_1_256' title='bbox 803 3440 898 3500; x_wconf 86' lang='lat' dir='ltr'><strong>citato</strong></span> <span class='ocrx_word' id='word_1_257' title='bbox 1161 3444 1201 3498; x_wconf 75' lang='lat'><strong>6⁰</strong></span> 
     </span>
     <span class='ocr_line' id='line_1_39' title="bbox 160 3521 1020 3608; baseline -0.002 -26"><span class='ocrx_word' id='word_1_258' title='bbox 160 3521 344 3587; x_wconf 79' lang='lat' dir='ltr'><strong>Flaminiam</strong></span> <span class='ocrx_word' id='word_1_259' title='bbox 364 3543 443 3608; x_wconf 89' lang='lat' dir='ltr'><strong>puer</strong></span> <span class='ocrx_word' id='word_1_260' title='bbox 464 3524 677 3599; x_wconf 82' lang='lat' dir='ltr'><strong>Automedon3</strong></span> <span class='ocrx_word' id='word_1_261' title='bbox 697 3543 768 3584; x_wconf 79' lang='lat' dir='ltr'><strong>uem</strong></span> <span class='ocrx_word' id='word_1_262' title='bbox 787 3521 855 3584; x_wconf 91' lang='lat' dir='ltr'><strong>lora</strong></span> <span class='ocrx_word' id='word_1_263' title='bbox 875 3522 1020 3597; x_wconf 88' lang='lat' dir='ltr'><strong>tenebat,</strong></span> 
     </span>
    </p>
   </div>
   <div class='ocr_carea' id='block_1_3' title="bbox 0 0 1270 3900">
    <p class='ocr_par' dir='ltr' id='par_1_27' title="bbox 0 0 1270 3900">
     <span class='ocr_line' id='line_1_40' title="bbox 0 0 1270 3900; baseline 0 0"><span class='ocrx_word' id='word_1_264' title='bbox 0 0 1270 3900; x_wconf 95' lang='lat' dir='ltr'><strong> </strong></span> 
     </span>
    </p>
   </div>
  </div>
 </body>
</html>
