<?xml version="1.0" encoding="UTF-8"?>
<!DOCTYPE html PUBLIC "-//W3C//DTD XHTML 1.0 Transitional//EN"
    "http://www.w3.org/TR/xhtml1/DTD/xhtml1-transitional.dtd">
<html xmlns="http://www.w3.org/1999/xhtml" xml:lang="en" lang="en">
 <head>
  <title>
</title>
<meta http-equiv="Content-Type" content="text/html;charset=utf-8" />
  <meta name='ocr-system' content='tesseract 3.04.00' />
  <meta name='ocr-capabilities' content='ocr_page ocr_carea ocr_par ocr_line ocrx_word'/>
</head>
<body>
  <div class='ocr_page' id='page_1' title='image "./diuniiiuvenalis00haecgoog_0135.png"; bbox 0 0 2542 3900; ppageno 0'>
   <div class='ocr_carea' id='block_1_1' title="bbox 150 244 838 309">
    <p class='ocr_par' dir='ltr' id='par_1_1' title="bbox 150 244 838 309">
     <span class='ocr_line' id='line_1_1' title="bbox 150 244 838 309; baseline -0.001 0"><span class='ocrx_word' id='word_1_1' title='bbox 150 244 212 309; x_wconf 81' lang='lat'><strong>104</strong></span> <span class='ocrx_word' id='word_1_2' title='bbox 445 245 482 305; x_wconf 84' lang='lat' dir='ltr'><strong>l).</strong></span> <span class='ocrx_word' id='word_1_3' title='bbox 505 244 596 309; x_wconf 79' lang='lat' dir='ltr'><strong>lUN.</strong></span> <span class='ocrx_word' id='word_1_4' title='bbox 617 246 838 308; x_wconf 78' lang='lat' dir='ltr'><strong>IUVENAL</strong></span> 
     </span>
    </p>
   </div>
   <div class='ocr_carea' id='block_1_2' title="bbox 434 512 898 634">
    <p class='ocr_par' dir='ltr' id='par_1_2' title="bbox 434 512 898 634">
     <span class='ocr_line' id='line_1_2' title="bbox 434 512 898 634; baseline 0.006 -5"><span class='ocrx_word' id='word_1_5' title='bbox 434 512 898 634; x_wconf 66' lang='lat' dir='ltr'><strong>ssulua&#39;xvl.</strong></span> 
     </span>
    </p>
   </div>
   <div class='ocr_carea' id='block_1_3' title="bbox 98 697 1052 2346">
    <p class='ocr_par' dir='ltr' id='par_1_3' title="bbox 98 697 1052 2346">
     <span class='ocr_line' id='line_1_3' title="bbox 98 697 964 833; baseline 0.007 -26"><span class='ocrx_word' id='word_1_6' title='bbox 98 770 109 793; x_wconf 90' lang='lat'><strong>·</strong></span> <span class='ocrx_word' id='word_1_7' title='bbox 150 697 423 822; x_wconf 62' lang='lat' dir='ltr'><strong>(denumerare</strong></span> <span class='ocrx_word' id='word_1_8' title='bbox 447 757 540 831; x_wconf 87' lang='lat' dir='ltr'><strong>queat</strong></span> <span class='ocrx_word' id='word_1_9' title='bbox 560 750 664 813; x_wconf 79' lang='lat' dir='ltr'><strong>felicis</strong></span> <span class='ocrx_word' id='word_1_10' title='bbox 684 752 837 833; x_wconf 85' lang='lat' dir='ltr'><strong>praemia,</strong></span> <span class='ocrx_word' id='word_1_11' title='bbox 860 749 964 830; x_wconf 81' lang='lat' dir='ltr'><strong>Galle,</strong></span> 
     </span>
     <span class='ocr_line' id='line_1_4' title="bbox 149 832 943 918; baseline -0.001 -22"><span class='ocrx_word' id='word_1_12' title='bbox 149 832 310 896; x_wconf 66' lang='lat' dir='ltr'><strong>Militiae?</strong></span> <span class='ocrx_word' id='word_1_13' title='bbox 331 837 448 895; x_wconf 91' lang='lat' dir='ltr'><strong>namsi</strong></span> <span class='ocrx_word' id='word_1_14' title='bbox 469 837 637 897; x_wconf 74' lang='lat' dir='ltr'>subeuntur</span> <span class='ocrx_word' id='word_1_15' title='bbox 656 853 807 918; x_wconf 84' lang='lat' dir='ltr'><strong>prospera</strong></span> <span class='ocrx_word' id='word_1_16' title='bbox 828 842 943 914; x_wconf 84' lang='lat' dir='ltr'><strong>castra,</strong></span> 
     </span>
     <span class='ocr_line' id='line_1_5' title="bbox 150 916 944 1002; baseline -0.001 -22"><span class='ocrx_word' id='word_1_17' title='bbox 150 918 206 980; x_wconf 87' lang='lat' dir='ltr'><strong>Me</strong></span> <span class='ocrx_word' id='word_1_18' title='bbox 227 916 369 998; x_wconf 84' lang='lat' dir='ltr'><strong>pavidum</strong></span> <span class='ocrx_word' id='word_1_19' title='bbox 390 922 523 1001; x_wconf 82' lang='lat' dir='ltr'><strong>excipiat</strong></span> <span class='ocrx_word' id='word_1_20' title='bbox 541 923 676 982; x_wconf 86' lang='lat' dir='ltr'><strong>tironem</strong></span> <span class='ocrx_word' id='word_1_21' title='bbox 697 925 788 1002; x_wconf 81' lang='lat' dir='ltr'><strong>porta</strong></span> <span class='ocrx_word' id='word_1_22' title='bbox 810 918 944 980; x_wconf 89' lang='lat' dir='ltr'><strong>secundo</strong></span> 
     </span>
     <span class='ocr_line' id='line_1_6' title="bbox 150 998 967 1084; baseline 0.002 -22"><span class='ocrx_word' id='word_1_23' title='bbox 150 998 272 1065; x_wconf 80' lang='lat' dir='ltr'><strong>Sidere.</strong></span> <span class='ocrx_word' id='word_1_24' title='bbox 317 1001 390 1063; x_wconf 84' lang='lat' dir='ltr'><strong>Plus</strong></span> <span class='ocrx_word' id='word_1_25' title='bbox 412 1008 528 1066; x_wconf 85' lang='lat' dir='ltr'><strong>etenim</strong></span> <span class='ocrx_word' id='word_1_26' title='bbox 548 1006 605 1066; x_wconf 83' lang='lat' dir='ltr'><strong>fati</strong></span> <span class='ocrx_word' id='word_1_27' title='bbox 624 1003 707 1066; x_wconf 82' lang='lat' dir='ltr'><strong>valet</strong></span> <span class='ocrx_word' id='word_1_28' title='bbox 727 1005 804 1064; x_wconf 86' lang='lat' dir='ltr'><strong>hora</strong></span> <span class='ocrx_word' id='word_1_29' title='bbox 825 1004 967 1084; x_wconf 87' lang='lat' dir='ltr'><strong>benigni,</strong></span> 
     </span>
     <span class='ocr_line' id='line_1_7' title="bbox 150 1086 1015 1168; baseline 0.002 -22"><span class='ocrx_word' id='word_1_30' title='bbox 150 1089 247 1163; x_wconf 82' lang='lat' dir='ltr'><strong>Quam</strong></span> <span class='ocrx_word' id='word_1_31' title='bbox 267 1088 295 1146; x_wconf 89' lang='lat' dir='ltr'><strong>si</strong></span> <span class='ocrx_word' id='word_1_32' title='bbox 316 1106 372 1147; x_wconf 88' lang='lat' dir='ltr'><strong>nos</strong></span> <span class='ocrx_word' id='word_1_33' title='bbox 394 1088 529 1151; x_wconf 84' lang='lat' dir='ltr'><strong>Veneris</strong></span> <span class='ocrx_word' id='word_1_34' title='bbox 551 1089 747 1151; x_wconf 84' lang='lat' dir='ltr'><strong>commendet</strong></span> <span class='ocrx_word' id='word_1_35' title='bbox 766 1086 898 1168; x_wconf 86' lang='lat' dir='ltr'><strong>epistola</strong></span> <span class='ocrx_word' id='word_1_36' title='bbox 919 1089 1015 1148; x_wconf 78' lang='lat' dir='ltr'><strong>Marti</strong></span> 
     </span>
     <span class='ocr_line' id='line_1_8' title="bbox 149 1170 888 1254; baseline 0 -21"><span class='ocrx_word' id='word_1_37' title='bbox 149 1172 191 1233; x_wconf 75' lang='lat' dir='ltr'><strong>ut</strong></span> <span class='ocrx_word' id='word_1_38' title='bbox 212 1170 314 1231; x_wconf 84' lang='lat' dir='ltr'><strong>Samia</strong></span> <span class='ocrx_word' id='word_1_39' title='bbox 332 1174 468 1251; x_wconf 79' lang='lat' dir='ltr'><strong>genitrix</strong></span> <span class='ocrx_word' id='word_1_40' title='bbox 489 1193 567 1254; x_wconf 87' lang='lat' dir='ltr'><strong>qnae</strong></span> <span class='ocrx_word' id='word_1_41' title='bbox 589 1174 765 1236; x_wconf 72' lang='lat' dir='ltr'><strong>delectatur</strong></span> <span class='ocrx_word' id='word_1_42' title='bbox 786 1191 888 1234; x_wconf 88' lang='lat' dir='ltr'><strong>arena.</strong></span> 
     </span>
     <span class='ocr_line' id='line_1_9' title="bbox 192 1254 1052 1340; baseline 0 -25"><span class='ocrx_word' id='word_1_43' title='bbox 192 1254 359 1316; x_wconf 78' lang='lat' dir='ltr'><strong>cmmoda</strong></span> <span class='ocrx_word' id='word_1_44' title='bbox 377 1263 546 1319; x_wconf 75' lang='lat' dir='ltr'><strong>tractemus</strong></span> <span class='ocrx_word' id='word_1_45' title='bbox 565 1261 698 1340; x_wconf 85' lang='lat' dir='ltr'><strong>primum</strong></span> <span class='ocrx_word' id='word_1_46' title='bbox 716 1259 901 1336; x_wconf 85' lang='lat' dir='ltr'><strong>communia,</strong></span> <span class='ocrx_word' id='word_1_47' title='bbox 922 1275 1052 1336; x_wconf 90' lang='lat' dir='ltr'><strong>quorum</strong></span> 
     </span>
     <span class='ocr_line' id='line_1_10' title="bbox 148 1337 1023 1421; baseline 0.001 -22"><span class='ocrx_word' id='word_1_48' title='bbox 148 1337 241 1400; x_wconf 89' lang='lat' dir='ltr'><strong>Haud</strong></span> <span class='ocrx_word' id='word_1_49' title='bbox 262 1340 420 1399; x_wconf 86' lang='lat' dir='ltr'><strong>miulmum</strong></span> <span class='ocrx_word' id='word_1_50' title='bbox 440 1341 518 1402; x_wconf 87' lang='lat' dir='ltr'><strong>illud</strong></span> <span class='ocrx_word' id='word_1_51' title='bbox 540 1343 618 1421; x_wconf 84' lang='lat' dir='ltr'><strong>erit,</strong></span> <span class='ocrx_word' id='word_1_52' title='bbox 637 1361 678 1401; x_wconf 92' lang='lat' dir='ltr'><strong>ne</strong></span> <span class='ocrx_word' id='word_1_53' title='bbox 700 1348 733 1401; x_wconf 92' lang='lat' dir='ltr'><strong>te</strong></span> <span class='ocrx_word' id='word_1_54' title='bbox 753 1341 877 1421; x_wconf 83' lang='lat' dir='ltr'><strong>pulsare</strong></span> <span class='ocrx_word' id='word_1_55' title='bbox 900 1348 1023 1419; x_wconf 84' lang='lat' dir='ltr'><strong>togatus</strong></span> 
     </span>
     <span class='ocr_line' id='line_1_11' title="bbox 148 1421 1047 1508; baseline 0.004 -27"><span class='ocrx_word' id='word_1_56' title='bbox 148 1421 289 1501; x_wconf 80' lang='lat' dir='ltr'><strong>Audeat,</strong></span> <span class='ocrx_word' id='word_1_57' title='bbox 309 1423 401 1484; x_wconf 82' lang='lat' dir='ltr'><strong>immo</strong></span> <span class='ocrx_word' id='word_1_58' title='bbox 423 1431 472 1504; x_wconf 86' lang='lat' dir='ltr'><strong>et,</strong></span> <span class='ocrx_word' id='word_1_59' title='bbox 492 1427 520 1486; x_wconf 92' lang='lat' dir='ltr'><strong>si</strong></span> <span class='ocrx_word' id='word_1_60' title='bbox 537 1426 698 1508; x_wconf 81' lang='lat' dir='ltr'><strong>pulsetur,</strong></span> <span class='ocrx_word' id='word_1_61' title='bbox 720 1423 893 1484; x_wconf 78' lang='lat' dir='ltr'><strong>dissimulet</strong></span> <span class='ocrx_word' id='word_1_62' title='bbox 912 1443 973 1485; x_wconf 80' lang='lat' dir='ltr'><strong>nec</strong></span> <span class='ocrx_word' id='word_1_63' title='bbox 1043 1435 1047 1441; x_wconf 88' lang='lat'>&#39;</span> 
     </span>
     <span class='ocr_line' id='line_1_12' title="bbox 149 1505 917 1591; baseline 0.004 -26"><span class='ocrx_word' id='word_1_64' title='bbox 149 1505 273 1566; x_wconf 80' lang='lat' dir='ltr'><strong>Audeat</strong></span> <span class='ocrx_word' id='word_1_65' title='bbox 293 1525 436 1569; x_wconf 81' lang='lat' dir='ltr'><strong>excussos</strong></span> <span class='ocrx_word' id='word_1_66' title='bbox 456 1513 596 1591; x_wconf 87' lang='lat' dir='ltr'><strong>praetori</strong></span> <span class='ocrx_word' id='word_1_67' title='bbox 616 1508 784 1571; x_wconf 87' lang='lat' dir='ltr'><strong>ostendere</strong></span> <span class='ocrx_word' id='word_1_68' title='bbox 806 1508 917 1569; x_wconf 84' lang='lat' dir='ltr'><strong>dentes</strong></span> 
     </span>
     <span class='ocr_line' id='line_1_13' title="bbox 148 1591 911 1670; baseline 0.003 -20"><span class='ocrx_word' id='word_1_69' title='bbox 148 1591 191 1651; x_wconf 75' lang='lat' dir='ltr'><strong>ut</strong></span> <span class='ocrx_word' id='word_1_70' title='bbox 210 1592 329 1670; x_wconf 90' lang='lat' dir='ltr'><strong>nigram</strong></span> <span class='ocrx_word' id='word_1_71' title='bbox 349 1594 382 1653; x_wconf 92' lang='lat' dir='ltr'><strong>in</strong></span> <span class='ocrx_word' id='word_1_72' title='bbox 402 1593 482 1654; x_wconf 85' lang='lat' dir='ltr'><strong>facie</strong></span> <span class='ocrx_word' id='word_1_73' title='bbox 501 1595 627 1656; x_wconf 91' lang='lat' dir='ltr'><strong>tumidis</strong></span> <span class='ocrx_word' id='word_1_74' title='bbox 646 1593 797 1655; x_wconf 72' lang='lat' dir='ltr'><strong>livoribus</strong></span> <span class='ocrx_word' id='word_1_75' title='bbox 819 1593 911 1654; x_wconf 78' lang='lat' dir='ltr'><strong>oliam</strong></span> 
     </span>
     <span class='ocr_line' id='line_1_14' title="bbox 147 1676 969 1761; baseline 0.002 -26"><span class='ocrx_word' id='word_1_76' title='bbox 147 1677 253 1755; x_wconf 85' lang='lat' dir='ltr'><strong>Atque</strong></span> <span class='ocrx_word' id='word_1_77' title='bbox 273 1676 379 1738; x_wconf 90' lang='lat' dir='ltr'><strong>oculos</strong></span> <span class='ocrx_word' id='word_1_78' title='bbox 399 1678 520 1739; x_wconf 86' lang='lat' dir='ltr'><strong>medico</strong></span> <span class='ocrx_word' id='word_1_79' title='bbox 541 1677 588 1739; x_wconf 88' lang='lat' dir='ltr'><strong>ull</strong></span> <span class='ocrx_word' id='word_1_80' title='bbox 608 1680 811 1761; x_wconf 87' lang='lat' dir='ltr'><strong>promittente</strong></span> <span class='ocrx_word' id='word_1_81' title='bbox 832 1676 969 1737; x_wconf 86' lang='lat' dir='ltr'><strong>relictos.</strong></span> 
     </span>
     <span class='ocr_line' id='line_1_15' title="bbox 148 1760 928 1843; baseline 0.001 -24"><span class='ocrx_word' id='word_1_82' title='bbox 148 1760 316 1822; x_wconf 74' lang='lat' dir='ltr'><strong>Bardaicus</strong></span> <span class='ocrx_word' id='word_1_83' title='bbox 338 1760 432 1823; x_wconf 84' lang='lat' dir='ltr'><strong>iudex</strong></span> <span class='ocrx_word' id='word_1_84' title='bbox 453 1760 544 1823; x_wconf 84' lang='lat' dir='ltr'><strong>datur</strong></span> <span class='ocrx_word' id='word_1_85' title='bbox 564 1766 643 1824; x_wconf 86' lang='lat' dir='ltr'><strong>haec</strong></span> <span class='ocrx_word' id='word_1_86' title='bbox 662 1761 773 1843; x_wconf 87' lang='lat' dir='ltr'><strong>punire</strong></span> <span class='ocrx_word' id='word_1_87' title='bbox 793 1760 928 1838; x_wconf 80' lang='lat' dir='ltr'><strong>volenti,</strong></span> 
     </span>
     <span class='ocr_line' id='line_1_16' title="bbox 150 1843 973 1928; baseline 0 -23"><span class='ocrx_word' id='word_1_88' title='bbox 150 1843 280 1905; x_wconf 76' lang='lat' dir='ltr'><strong>Calceus</strong></span> <span class='ocrx_word' id='word_1_89' title='bbox 303 1851 336 1906; x_wconf 88' lang='lat' dir='ltr'><strong>et</strong></span> <span class='ocrx_word' id='word_1_90' title='bbox 357 1846 489 1925; x_wconf 77' lang='lat' dir='ltr'><strong>grandes</strong></span> <span class='ocrx_word' id='word_1_91' title='bbox 511 1867 619 1928; x_wconf 87' lang='lat' dir='ltr'><strong>magna</strong></span> <span class='ocrx_word' id='word_1_92' title='bbox 641 1847 680 1907; x_wconf 86' lang='lat' dir='ltr'><strong>ad</strong></span> <span class='ocrx_word' id='word_1_93' title='bbox 702 1844 847 1907; x_wconf 84' lang='lat' dir='ltr'><strong>subsellia</strong></span> <span class='ocrx_word' id='word_1_94' title='bbox 869 1862 973 1925; x_wconf 82' lang='lat' dir='ltr'><strong>surae,</strong></span> 
     </span>
     <span class='ocr_line' id='line_1_17' title="bbox 148 1927 939 2010; baseline 0 -22"><span class='ocrx_word' id='word_1_95' title='bbox 148 1927 284 2007; x_wconf 80' lang='lat' dir='ltr'><strong>Legibus</strong></span> <span class='ocrx_word' id='word_1_96' title='bbox 306 1932 439 2010; x_wconf 82' lang='lat' dir='ltr'><strong>antiquis</strong></span> <span class='ocrx_word' id='word_1_97' title='bbox 462 1938 632 1993; x_wconf 84' lang='lat' dir='ltr'><strong>castrorum</strong></span> <span class='ocrx_word' id='word_1_98' title='bbox 653 1937 686 1991; x_wconf 92' lang='lat' dir='ltr'><strong>et</strong></span> <span class='ocrx_word' id='word_1_99' title='bbox 707 1948 794 1991; x_wconf 85' lang='lat' dir='ltr'><strong>more</strong></span> <span class='ocrx_word' id='word_1_100' title='bbox 815 1927 939 1991; x_wconf 82' lang='lat' dir='ltr'><strong>Camilli</strong></span> 
     </span>
     <span class='ocr_line' id='line_1_18' title="bbox 150 2012 830 2093; baseline 0 -21"><span class='ocrx_word' id='word_1_101' title='bbox 150 2013 296 2092; x_wconf 80' lang='lat' dir='ltr'><strong>Servato‚</strong></span> <span class='ocrx_word' id='word_1_102' title='bbox 317 2012 468 2075; x_wconf 83' lang='lat' dir='ltr'><strong>milesne</strong></span> <span class='ocrx_word' id='word_1_103' title='bbox 488 2014 601 2078; x_wconf 82' lang='lat' dir='ltr'><strong>vallum</strong></span> <span class='ocrx_word' id='word_1_104' title='bbox 618 2016 724 2093; x_wconf 89' lang='lat' dir='ltr'><strong>litiget</strong></span> <span class='ocrx_word' id='word_1_105' title='bbox 743 2019 830 2074; x_wconf 80' lang='lat' dir='ltr'><strong>extra</strong></span> 
     </span>
     <span class='ocr_line' id='line_1_19' title="bbox 148 2094 937 2176; baseline -0.004 -19"><span class='ocrx_word' id='word_1_106' title='bbox 148 2096 191 2157; x_wconf 83' lang='lat' dir='ltr'><strong>Et</strong></span> <span class='ocrx_word' id='word_1_107' title='bbox 211 2094 322 2176; x_wconf 89' lang='lat' dir='ltr'><strong>procul</strong></span> <span class='ocrx_word' id='word_1_108' title='bbox 344 2118 361 2157; x_wconf 92' lang='lat' dir='ltr'><strong>a</strong></span> <span class='ocrx_word' id='word_1_109' title='bbox 381 2100 485 2175; x_wconf 86' lang='lat' dir='ltr'><strong>signis.</strong></span> <span class='ocrx_word' id='word_1_110' title='bbox 534 2100 702 2159; x_wconf 86' lang='lat' dir='ltr'><strong>iustissima</strong></span> <span class='ocrx_word' id='word_1_111' title='bbox 724 2096 937 2158; x_wconf 81' lang='lat' dir='ltr'><strong>centurionum</strong></span> 
     </span>
     <span class='ocr_line' id='line_1_20' title="bbox 151 2179 982 2261; baseline -0.001 -21"><span class='ocrx_word' id='word_1_112' title='bbox 151 2180 295 2258; x_wconf 81' lang='lat' dir='ltr'><strong>Cognitio</strong></span> <span class='ocrx_word' id='word_1_113' title='bbox 318 2186 367 2241; x_wconf 88' lang='lat' dir='ltr'><strong>est</strong></span> <span class='ocrx_word' id='word_1_114' title='bbox 389 2182 485 2259; x_wconf 87' lang='lat' dir='ltr'><strong>igitur</strong></span> <span class='ocrx_word' id='word_1_115' title='bbox 506 2181 545 2242; x_wconf 92' lang='lat' dir='ltr'><strong>de</strong></span> <span class='ocrx_word' id='word_1_116' title='bbox 564 2181 679 2261; x_wconf 83' lang='lat' dir='ltr'><strong>milite,</strong></span> <span class='ocrx_word' id='word_1_117' title='bbox 700 2201 759 2243; x_wconf 92' lang='lat' dir='ltr'><strong>nec</strong></span> <span class='ocrx_word' id='word_1_118' title='bbox 781 2181 857 2241; x_wconf 89' lang='lat' dir='ltr'><strong>mibi</strong></span> <span class='ocrx_word' id='word_1_119' title='bbox 878 2179 982 2240; x_wconf 86' lang='lat' dir='ltr'><strong>deerit</strong></span> 
     </span>
     <span class='ocr_line' id='line_1_21' title="bbox 148 2261 882 2346; baseline -0.004 -20"><span class='ocrx_word' id='word_1_120' title='bbox 148 2261 253 2343; x_wconf 83' lang='lat' dir='ltr'><strong>Ultio,</strong></span> <span class='ocrx_word' id='word_1_121' title='bbox 276 2266 304 2324; x_wconf 88' lang='lat' dir='ltr'><strong>si</strong></span> <span class='ocrx_word' id='word_1_122' title='bbox 322 2266 421 2325; x_wconf 89' lang='lat' dir='ltr'><strong>iustae</strong></span> <span class='ocrx_word' id='word_1_123' title='bbox 444 2264 586 2329; x_wconf 83' lang='lat' dir='ltr'><strong>defertur</strong></span> <span class='ocrx_word' id='word_1_124' title='bbox 607 2286 697 2327; x_wconf 88' lang='lat' dir='ltr'><strong>causa</strong></span> <span class='ocrx_word' id='word_1_125' title='bbox 718 2262 882 2346; x_wconf 81' lang='lat' dir='ltr'><strong>querelae3</strong></span> 
     </span>
    </p>
   </div>
   <div class='ocr_carea' id='block_1_4' title="bbox 28 2344 1030 2429">
    <p class='ocr_par' dir='ltr' id='par_1_4' title="bbox 28 2344 1030 2429">
     <span class='ocr_line' id='line_1_22' title="bbox 28 2344 1030 2429; baseline -0.007 -16"><span class='ocrx_word' id='word_1_126' title='bbox 28 2406 30 2413; x_wconf 93' lang='lat'><em>.</em></span> <span class='ocrx_word' id='word_1_127' title='bbox 150 2349 232 2409; x_wconf 86' lang='lat' dir='ltr'><strong>Tota</strong></span> <span class='ocrx_word' id='word_1_128' title='bbox 252 2350 363 2409; x_wconf 89' lang='lat' dir='ltr'><strong>cohors</strong></span> <span class='ocrx_word' id='word_1_129' title='bbox 383 2356 485 2411; x_wconf 89' lang='lat' dir='ltr'><strong>tamen</strong></span> <span class='ocrx_word' id='word_1_130' title='bbox 507 2358 556 2412; x_wconf 84' lang='lat' dir='ltr'><strong>est</strong></span> <span class='ocrx_word' id='word_1_131' title='bbox 574 2353 697 2412; x_wconf 89' lang='lat' dir='ltr'><strong>inimica</strong></span> <span class='ocrx_word' id='word_1_132' title='bbox 717 2367 884 2429; x_wconf 90' lang='lat' dir='ltr'><strong>omnesque</strong></span> <span class='ocrx_word' id='word_1_133' title='bbox 903 2344 1030 2428; x_wconf 85' lang='lat' dir='ltr'><strong>manipli</strong></span> 
     </span>
    </p>
   </div>
   <div class='ocr_carea' id='block_1_5' title="bbox 137 2433 1065 3611">
    <p class='ocr_par' dir='ltr' id='par_1_5' title="bbox 147 2433 1060 2682">
     <span class='ocr_line' id='line_1_23' title="bbox 147 2433 903 2514; baseline 0 -22"><span class='ocrx_word' id='word_1_134' title='bbox 147 2434 312 2494; x_wconf 76' lang='lat' dir='ltr'><strong>consensu</strong></span> <span class='ocrx_word' id='word_1_135' title='bbox 332 2453 440 2512; x_wconf 89' lang='lat' dir='ltr'><strong>magno</strong></span> <span class='ocrx_word' id='word_1_136' title='bbox 461 2435 618 2514; x_wconf 86' lang='lat' dir='ltr'><strong>efficiunt,</strong></span> <span class='ocrx_word' id='word_1_137' title='bbox 641 2435 787 2495; x_wconf 89' lang='lat' dir='ltr'><strong>curabilis</strong></span> <span class='ocrx_word' id='word_1_138' title='bbox 806 2439 841 2492; x_wconf 92' lang='lat' dir='ltr'><strong>ut</strong></span> <span class='ocrx_word' id='word_1_139' title='bbox 862 2433 903 2493; x_wconf 87' lang='lat' dir='ltr'><strong>ait</strong></span> 
     </span>
     <span class='ocr_line' id='line_1_24' title="bbox 148 2516 1060 2599; baseline -0.004 -20"><span class='ocrx_word' id='word_1_140' title='bbox 148 2516 296 2579; x_wconf 88' lang='lat' dir='ltr'><strong>Vindicta</strong></span> <span class='ocrx_word' id='word_1_141' title='bbox 318 2521 455 2597; x_wconf 82' lang='lat' dir='ltr'><strong>gravior,</strong></span> <span class='ocrx_word' id='word_1_142' title='bbox 478 2539 567 2599; x_wconf 89' lang='lat' dir='ltr'><strong>quam</strong></span> <span class='ocrx_word' id='word_1_143' title='bbox 585 2520 706 2580; x_wconf 89' lang='lat' dir='ltr'><strong>iniuria.</strong></span> <span class='ocrx_word' id='word_1_144' title='bbox 750 2518 881 2598; x_wconf 79' lang='lat' dir='ltr'><strong>Dignum</strong></span> <span class='ocrx_word' id='word_1_145' title='bbox 903 2518 965 2576; x_wconf 85' lang='lat' dir='ltr'><strong>erit</strong></span> <span class='ocrx_word' id='word_1_146' title='bbox 985 2534 1060 2594; x_wconf 81' lang='lat' dir='ltr'><strong>ergo</strong></span> 
     </span>
     <span class='ocr_line' id='line_1_25' title="bbox 148 2599 787 2682; baseline 0.003 -22"><span class='ocrx_word' id='word_1_147' title='bbox 148 2599 372 2662; x_wconf 84' lang='lat' dir='ltr'><strong>Declamatoris</strong></span> <span class='ocrx_word' id='word_1_148' title='bbox 394 2600 510 2663; x_wconf 91' lang='lat' dir='ltr'><strong>mulino</strong></span> <span class='ocrx_word' id='word_1_149' title='bbox 532 2602 626 2663; x_wconf 91' lang='lat' dir='ltr'><strong>corde</strong></span> <span class='ocrx_word' id='word_1_150' title='bbox 648 2601 787 2682; x_wconf 84' lang='lat' dir='ltr'><strong>Vagelli‚</strong></span> 
     </span>
    </p>

    <p class='ocr_par' dir='ltr' id='par_1_6' title="bbox 137 2681 1065 3086">
     <span class='ocr_line' id='line_1_26' title="bbox 150 2681 1065 2766; baseline -0.002 -22"><span class='ocrx_word' id='word_1_151' title='bbox 150 2685 249 2761; x_wconf 76' lang='lat' dir='ltr'><strong>Quum</strong></span> <span class='ocrx_word' id='word_1_152' title='bbox 271 2685 330 2745; x_wconf 93' lang='lat' dir='ltr'><strong>duo</strong></span> <span class='ocrx_word' id='word_1_153' title='bbox 353 2705 442 2746; x_wconf 91' lang='lat' dir='ltr'><strong>crura</strong></span> <span class='ocrx_word' id='word_1_154' title='bbox 462 2688 593 2766; x_wconf 87' lang='lat' dir='ltr'><strong>habeas,</strong></span> <span class='ocrx_word' id='word_1_155' title='bbox 614 2687 776 2747; x_wconf 84' lang='lat' dir='ltr'><strong>offendere</strong></span> <span class='ocrx_word' id='word_1_156' title='bbox 795 2691 846 2745; x_wconf 90' lang='lat' dir='ltr'><strong>tot</strong></span> <span class='ocrx_word' id='word_1_157' title='bbox 865 2681 995 2763; x_wconf 80' lang='lat' dir='ltr'><strong>caligas,</strong></span> <span class='ocrx_word' id='word_1_158' title='bbox 1015 2687 1065 2743; x_wconf 90' lang='lat' dir='ltr'><strong>tot</strong></span> 
     </span>
     <span class='ocr_line' id='line_1_27' title="bbox 148 2767 1027 2852; baseline -0.006 -21"><span class='ocrx_word' id='word_1_159' title='bbox 148 2767 253 2831; x_wconf 87' lang='lat' dir='ltr'><strong>Millia</strong></span> <span class='ocrx_word' id='word_1_160' title='bbox 275 2767 438 2835; x_wconf 86' lang='lat' dir='ltr'><strong>clavorum.</strong></span> <span class='ocrx_word' id='word_1_161' title='bbox 484 2772 559 2847; x_wconf 79' lang='lat' dir='ltr'><strong>Quis</strong></span> <span class='ocrx_word' id='word_1_162' title='bbox 580 2777 642 2831; x_wconf 91' lang='lat' dir='ltr'><strong>tam</strong></span> <span class='ocrx_word' id='word_1_163' title='bbox 661 2769 771 2852; x_wconf 86' lang='lat' dir='ltr'><strong>procul</strong></span> <span class='ocrx_word' id='word_1_164' title='bbox 792 2770 872 2829; x_wconf 89' lang='lat' dir='ltr'><strong>absit</strong></span> <span class='ocrx_word' id='word_1_165' title='bbox 894 2769 930 2827; x_wconf 93' lang='lat' dir='ltr'><strong>ab</strong></span> <span class='ocrx_word' id='word_1_166' title='bbox 950 2768 1027 2827; x_wconf 91' lang='lat' dir='ltr'><strong>urbe</strong></span> 
     </span>
     <span class='ocr_line' id='line_1_28' title="bbox 148 2851 1064 2936; baseline -0.003 -22"><span class='ocrx_word' id='word_1_167' title='bbox 148 2854 341 2914; x_wconf 72' lang='lat' dir='ltr'><strong>Praeterea?</strong></span> <span class='ocrx_word' id='word_1_168' title='bbox 361 2856 429 2934; x_wconf 82' lang='lat' dir='ltr'><strong>quis</strong></span> <span class='ocrx_word' id='word_1_169' title='bbox 450 2862 513 2917; x_wconf 87' lang='lat' dir='ltr'><strong>tam</strong></span> <span class='ocrx_word' id='word_1_170' title='bbox 532 2853 683 2936; x_wconf 82' lang='lat' dir='ltr'><strong>Pylades,</strong></span> <span class='ocrx_word' id='word_1_171' title='bbox 705 2852 819 2914; x_wconf 88' lang='lat' dir='ltr'><strong>molem</strong></span> <span class='ocrx_word' id='word_1_172' title='bbox 841 2852 961 2932; x_wconf 75' lang='lat' dir='ltr'><strong>aggeris</strong></span> <span class='ocrx_word' id='word_1_173' title='bbox 981 2851 1064 2912; x_wconf 89' lang='lat' dir='ltr'><strong>ultra</strong></span> 
     </span>
     <span class='ocr_line' id='line_1_29' title="bbox 137 2938 972 3021; baseline 0 -26"><span class='ocrx_word' id='word_1_174' title='bbox 137 2938 193 3001; x_wconf 75' lang='lat' dir='ltr'><strong>,Ut</strong></span> <span class='ocrx_word' id='word_1_175' title='bbox 213 2939 339 2998; x_wconf 69' lang='lat' dir='ltr'><strong>veniat?</strong></span> <span class='ocrx_word' id='word_1_176' title='bbox 358 2938 505 3001; x_wconf 89' lang='lat' dir='ltr'><strong>lacrimae</strong></span> <span class='ocrx_word' id='word_1_177' title='bbox 528 2942 684 3001; x_wconf 88' lang='lat' dir='ltr'><strong>siccentur</strong></span> <span class='ocrx_word' id='word_1_178' title='bbox 703 2940 863 3021; x_wconf 82' lang='lat' dir='ltr'><strong>protinus,</strong></span> <span class='ocrx_word' id='word_1_179' title='bbox 885 2943 917 2997; x_wconf 83' lang='lat' dir='ltr'><strong>et</strong></span> <span class='ocrx_word' id='word_1_180' title='bbox 938 2953 972 2996; x_wconf 90' lang='lat' dir='ltr'><strong>se</strong></span> 
     </span>
     <span class='ocr_line' id='line_1_30' title="bbox 148 3023 812 3086; baseline -0.003 -1"><span class='ocrx_word' id='word_1_181' title='bbox 148 3023 356 3085; x_wconf 81' lang='lat' dir='ltr'><strong>Excusaturos</strong></span> <span class='ocrx_word' id='word_1_182' title='bbox 376 3043 440 3084; x_wconf 93' lang='lat' dir='ltr'><strong>nou</strong></span> <span class='ocrx_word' id='word_1_183' title='bbox 461 3023 663 3086; x_wconf 85' lang='lat' dir='ltr'><strong>sollicitemus</strong></span> <span class='ocrx_word' id='word_1_184' title='bbox 684 3025 812 3084; x_wconf 75' lang='lat' dir='ltr'><strong>amicos:</strong></span> 
     </span>
    </p>

    <p class='ocr_par' dir='ltr' id='par_1_7' title="bbox 148 3100 953 3273">
     <span class='ocr_line' id='line_1_31' title="bbox 148 3100 945 3189; baseline -0.008 -21"><span class='ocrx_word' id='word_1_185' title='bbox 148 3106 196 3168; x_wconf 78' lang='lat' dir='ltr'><strong>lla</strong></span> <span class='ocrx_word' id='word_1_186' title='bbox 212 3112 343 3186; x_wconf 86' lang='lat' dir='ltr'><strong>testem,</strong></span> <span class='ocrx_word' id='word_1_187' title='bbox 364 3107 458 3170; x_wconf 85' lang='lat' dir='ltr'><strong>iudex</strong></span> <span class='ocrx_word' id='word_1_188' title='bbox 478 3127 570 3189; x_wconf 91' lang='lat' dir='ltr'><strong>quem</strong></span> <span class='ocrx_word' id='word_1_189' title='bbox 591 3108 721 3184; x_wconf 79' lang='lat' dir='ltr'><strong>dixerit3</strong></span> <span class='ocrx_word' id='word_1_190' title='bbox 743 3106 855 3167; x_wconf 87' lang='lat' dir='ltr'><strong>audeat</strong></span> <span class='ocrx_word' id='word_1_191' title='bbox 873 3100 945 3182; x_wconf 88' lang='lat' dir='ltr'><strong>ille,</strong></span> 
     </span>
     <span class='ocr_line' id='line_1_32' title="bbox 148 3186 953 3273; baseline -0.005 -21"><span class='ocrx_word' id='word_1_192' title='bbox 148 3193 261 3253; x_wconf 83' lang='lat' dir='ltr'><strong>Nescio</strong></span> <span class='ocrx_word' id='word_1_193' title='bbox 285 3193 370 3271; x_wconf 88' lang='lat' dir='ltr'><strong>qula,</strong></span> <span class='ocrx_word' id='word_1_194' title='bbox 391 3213 509 3273; x_wconf 84' lang='lat' dir='ltr'><strong>pugnos</strong></span> <span class='ocrx_word' id='word_1_195' title='bbox 528 3192 606 3253; x_wconf 85' lang='lat' dir='ltr'><strong>vidit</strong></span> <span class='ocrx_word' id='word_1_196' title='bbox 627 3193 696 3272; x_wconf 88' lang='lat' dir='ltr'><strong>qui,</strong></span> <span class='ocrx_word' id='word_1_197' title='bbox 718 3191 841 3270; x_wconf 84' lang='lat' dir='ltr'><strong>dicere,</strong></span> <span class='ocrx_word' id='word_1_198' title='bbox 863 3186 953 3251; x_wconf 75' lang='lat' dir='ltr'><strong>Vidi:</strong></span> 
     </span>
    </p>

    <p class='ocr_par' dir='ltr' id='par_1_8' title="bbox 148 3271 947 3442">
     <span class='ocr_line' id='line_1_33' title="bbox 148 3271 947 3356; baseline -0.006 -18"><span class='ocrx_word' id='word_1_199' title='bbox 148 3275 191 3338; x_wconf 78' lang='lat' dir='ltr'><strong>Et</strong></span> <span class='ocrx_word' id='word_1_200' title='bbox 212 3273 337 3337; x_wconf 86' lang='lat' dir='ltr'><strong>credam</strong></span> <span class='ocrx_word' id='word_1_201' title='bbox 359 3276 484 3354; x_wconf 88' lang='lat' dir='ltr'><strong>dignum</strong></span> <span class='ocrx_word' id='word_1_202' title='bbox 504 3278 600 3338; x_wconf 90' lang='lat' dir='ltr'><strong>barba</strong></span> <span class='ocrx_word' id='word_1_203' title='bbox 621 3275 807 3356; x_wconf 86' lang='lat' dir='ltr'><strong>dignumque</strong></span> <span class='ocrx_word' id='word_1_204' title='bbox 828 3271 947 3353; x_wconf 85' lang='lat' dir='ltr'><strong>capillis</strong></span> 
     </span>
     <span class='ocr_line' id='line_1_34' title="bbox 149 3358 912 3442; baseline -0.004 -22"><span class='ocrx_word' id='word_1_205' title='bbox 149 3359 315 3425; x_wconf 77' lang='lat' dir='ltr'><strong>Malorum.</strong></span> <span class='ocrx_word' id='word_1_206' title='bbox 352 3361 452 3422; x_wconf 77' lang='lat' dir='ltr'><strong>Citius</strong></span> <span class='ocrx_word' id='word_1_207' title='bbox 473 3359 584 3422; x_wconf 81' lang='lat' dir='ltr'><strong>falsum</strong></span> <span class='ocrx_word' id='word_1_208' title='bbox 603 3358 779 3442; x_wconf 89' lang='lat' dir='ltr'><strong>producere</strong></span> <span class='ocrx_word' id='word_1_209' title='bbox 798 3365 912 3420; x_wconf 84' lang='lat' dir='ltr'><strong>testem</strong></span> 
     </span>
    </p>

    <p class='ocr_par' dir='ltr' id='par_1_9' title="bbox 150 3440 979 3611">
     <span class='ocr_line' id='line_1_35' title="bbox 151 3440 979 3528; baseline -0.002 -26"><span class='ocrx_word' id='word_1_210' title='bbox 151 3442 268 3503; x_wconf 72' lang='lat' dir='ltr'><strong>Contra</strong></span> <span class='ocrx_word' id='word_1_211' title='bbox 288 3464 438 3524; x_wconf 85' lang='lat' dir='ltr'><strong>paganum</strong></span> <span class='ocrx_word' id='word_1_212' title='bbox 457 3446 574 3528; x_wconf 82' lang='lat' dir='ltr'><strong>possis,</strong></span> <span class='ocrx_word' id='word_1_213' title='bbox 597 3465 687 3524; x_wconf 89' lang='lat' dir='ltr'><strong>quam</strong></span> <span class='ocrx_word' id='word_1_214' title='bbox 706 3462 780 3505; x_wconf 86' lang='lat' dir='ltr'><strong>vera</strong></span> <span class='ocrx_word' id='word_1_215' title='bbox 799 3440 979 3522; x_wconf 83' lang='lat' dir='ltr'><strong>loquentem</strong></span> 
     </span>
     <span class='ocr_line' id='line_1_36' title="bbox 150 3525 938 3611; baseline 0.003 -25"><span class='ocrx_word' id='word_1_216' title='bbox 150 3525 268 3586; x_wconf 78' lang='lat' dir='ltr'><strong>(loutra</strong></span> <span class='ocrx_word' id='word_1_217' title='bbox 285 3528 441 3590; x_wconf 66' lang='lat' dir='ltr'><strong>fortuna.</strong></span> <span class='ocrx_word' id='word_1_218' title='bbox 462 3532 571 3590; x_wconf 87' lang='lat' dir='ltr'><strong>armati</strong></span> <span class='ocrx_word' id='word_1_219' title='bbox 592 3537 761 3609; x_wconf 83' lang='lat' dir='ltr'><strong>contraque</strong></span> <span class='ocrx_word' id='word_1_220' title='bbox 780 3528 938 3611; x_wconf 86' lang='lat' dir='ltr'><strong>pudorem.</strong></span> 
     </span>
    </p>
   </div>
   <div class='ocr_carea' id='block_1_6' title="bbox 1164 1098 1180 1151">
    <p class='ocr_par' dir='ltr' id='par_1_10' title="bbox 1164 1098 1180 1151">
     <span class='ocr_line' id='line_1_37' title="bbox 1164 1098 1180 1151; baseline 0 0"><span class='ocrx_word' id='word_1_221' title='bbox 1164 1098 1180 1151; x_wconf 84' lang='lat'>5</span> 
     </span>
    </p>
   </div>
   <div class='ocr_carea' id='block_1_7' title="bbox 0 0 1276 3900">
    <p class='ocr_par' dir='ltr' id='par_1_11' title="bbox 0 0 1276 3900">
     <span class='ocr_line' id='line_1_38' title="bbox 0 0 1276 3900; baseline 0 1"><span class='ocrx_word' id='word_1_222' title='bbox 0 0 1276 3900; x_wconf 95' lang='lat' dir='ltr'><strong> </strong></span> 
     </span>
    </p>
   </div>
  </div>
 </body>
</html>
