2530 3900
153 214 173 278 8
445 215 481 276 Ι).
504 214 596 277 lUN.
618 214 889 277 iuvenibus

152 384 334 444 Montanum
354 383 464 463 positis
485 381 607 441 audiret
625 379 734 460 vulgus
755 384 876 444 aratris.

153 466 235 543 Quid
255 486 318 526 non
337 463 526 548 proclames,
547 466 582 525 in
600 484 732 547 corpore
754 465 865 527 iudicis
885 468 945 527 ista
1117 528 1122 543 ,

153 552 187 611 Si
205 549 333 612 videas?
355 568 486 630 quaero,
509 569 547 608 an
569 548 701 610 deceant
720 549 857 611 multicia
877 552 1013 612 testem?

151 635 235 711 Acer
255 642 289 703 et
310 633 477 697 indomitus
496 630 714 713 libertatisque
735 636 898 714 magister,

152 718 295 798 Gratiae,
316 716 471 798 pellaces!
492 716 588 777 Dedit
608 718 687 778 hanc
704 719 845 797 contagio
865 717 966 779 labem

150 804 192 863 Et
213 802 299 863 (labit
319 805 352 861 in
373 798 497 882 plnres3
519 801 599 863 sicut
620 819 695 880 mex
715 808 801 862 totus
822 803 855 862 in
876 805 960 882 agris

149 887 248 947 Unius
262 886 371 947 ·scabie
393 883 474 945 eadit
495 890 528 944 et
547 887 707 966 porrigine
728 887 832 965 porci,
1143 895 1182 951 80

149 971 275 1049 Unaque
297 975 461 1049 conspecta
481 967 612 1030 livorem
631 969 717 1030 ducit
737 971 775 1030 ab
795 989 860 1031 uva.

148 1053 285 1115 Foedius
304 1053 364 1112 hoc
385 1052 502 1133 aliquid
525 1053 708 1134 quandoque
731 1053 858 1114 audebis
879 1056 1008 1115 amictus
1095 1095 1102 1105 ,

70 1186 77 1195 .
149 1138 246 1199 Nemo
267 1145 399 1219 repente
419 1137 479 1197 fuit
497 1140 708 1219 turpissimum
730 1139 883 1218 accipient
902 1145 936 1199 te

149 1220 314 1300 Paulatim,
338 1224 390 1300 qui
411 1219 504 1301 longa
524 1221 607 1282 domi
627 1220 808 1282 redimicula
827 1229 950 1282 sumunt

148 1305 316 1366 Frontibus
338 1312 371 1365 et
388 1313 456 1365 toto
476 1324 610 1386 posuere
630 1304 757 1366 monilia
778 1305 877 1384 collo,
1142 1312 1178 1368 80

148 1391 251 1470 Atque
272 1391 388 1450 Bonam
404 1397 534 1449 tenerae
553 1387 678 1470 placant
699 1388 862 1449 abdomine
881 1409 994 1470 porcae
1106 1410 1108 1413 ·

147 1475 190 1536 Et
211 1493 320 1553 magno
341 1478 463 1534 cratere
485 1473 598 1548 Deam;
619 1471 676 1533 sed
696 1492 784 1533 more
806 1475 933 1534 sinistro

147 1556 307 1636 Eragitata
328 1557 438 1638 procul
459 1576 523 1617 non
542 1559 639 1618 intrat
659 1558 773 1618 femina
790 1556 902 1632 limen3

149 1640 231 1702 Solis
252 1662 304 1702 ara
324 1642 408 1702 Deae
429 1642 563 1702 maribus
584 1647 680 1722 patet.
714 1642 760 1702 lte
781 1641 944 1721 profanae!

148 1723 322 1802 Clamatur3
343 1724 431 1786 nullo
452 1727 547 1805 gemit
566 1727 617 1786 bic
637 1726 766 1786 tibicina
787 1744 891 1788 cornu.
1140 1729 1176 1784 00

148 1811 237 1872 Talia
257 1817 379 1871 secreta
401 1809 564 1870 colueru'nt
585 1809 679 1889 Orgia
697 1809 790 1870 taeda

147 1895 329 1974 Cecropiam
351 1891 436 1954 soliti
457 1896 573 1973 Raptae
594 1893 709 1954 lassare
731 1895 868 1972 Cotytto.

145 1977 203 2038 Ille
224 1976 424 2057 supercilium
444 1976 566 2036 madida
585 1975 716 2055 iuligIne
736 1984 851 2036 tactum

147 2061 279 2138 Obliqua
299 2059 443 2140 producit
464 2079 519 2121 acu
539 2061 701 2140 pingitque
722 2065 893 2119 trementes

145 2142 303 2205 Attollens
325 2141 444 2203 oculos:
464 2145 565 2203 vitreo
585 2144 665 2204 bibit
685 2141 743 2204 ille
763 2144 894 2223 Priapo,
1142 2152 1177 2207 95
1255 2214 1256 2219 η

144 2226 384 2308 Reticulumque
405 2229 499 2287 comis
521 2234 658 2288 auratum
676 2229 854 2307 ingentibus
872 2225 997 2307 implet,

146 2311 298 2373 caerulea
318 2311 444 2373 indutus
464 2310 616 2373 scutulata
638 2318 690 2372 aut
711 2310 838 2392 galbana
857 2330 942 2389 rasa,

144 2397 187 2457 Et
206 2415 264 2478 per
286 2397 432 2457 lunonem
454 2395 569 2457 domini
590 2398 712 2458 iurante
733 2397 887 2456 ministro.

143 2479 203 2541 llle
219 2488 310 2541 tenet
330 2478 504 2562 speculum,
525 2482 641 2561 pathici
660 2486 818 2560 gestamen
839 2479 987 2558 Othonis,

143 2566 269 2626 Actoris
289 2565 427 2625 Aurunci
448 2562 596 2643 spolium,
619 2582 680 2642 quo
699 2582 733 2624 se
752 2562 809 2624 ille
831 2562 956 2639 ridebat
1007 2562 1014 2567 ’
1124 2573 1178 2627 100

142 2651 322 2726 Armatam,
345 2667 437 2726 quum
456 2648 516 2707 iam
535 2646 607 2707 tolli
625 2646 739 2707 serilla
759 2649 893 2707 iuberet.

142 2732 205 2794 Res
225 2729 421 2793 memoranda
442 2731 530 2791 novis
551 2729 710 2791 annalibus
728 2737 820 2810 atque
842 2731 963 2791 recenti

142 2816 299 2895 Historia,
321 2813 480 2896 speculum
502 2813 600 2876 ciuilia
622 2817 742 2875 sarcina
761 2814 853 2875 belli!

142 2901 294 2962 Nimirum
315 2901 424 2960 summi
445 2897 533 2959 ducis
555 2906 604 2961 est
624 2898 768 2960 occidere
790 2895 936 2976 Galbam,

9 3026 10 3029 κ
140 2986 184 3046 Et
206 3003 315 3045 curare
336 2990 440 3045 cutem
459 2986 568 3044 summi
589 2985 760 3045 constantia
777 2984 868 3059 ciris,
1122 2990 1178 3045 loa

140 3069 286 3129 liebriaci
305 3070 339 3128 in
359 3086 465 3146 campo
487 3065 619 3148 spolium
638 3064 926 3142 affactmeralasi,

140 3154 183 3214 Et
203 3172 344 3232 pressum
364 3152 397 3211 in
416 3151 497 3210 facie
518 3151 623 3231 digitis
644 3142 814 3213 extendere
836 3166 963 3230 panemr

141 3236 232 3314 Quod
251 3255 310 3297 nec
331 3239 364 3296 in
380 3236 509 3314 Assyrio
529 3237 709 3316 pharetrata
730 3234 907 3296 Semiramis
928 3235 1023 3312 orbe,

139 3322 264 3382 Moesta
284 3339 343 3382 nec
362 3319 491 3379 Actiaca
510 3319 589 3381 iecit
609 3318 778 3400 cleopatra
799 3320 912 3381 carina.

9 3420 10 3427 ¹
139 3405 200 3465 Hie
221 3402 324 3466 nullus
344 3403 450 3463 uerbis
466 3402 568 3483 pudor
590 3411 642 3464 aut
660 3404 839 3465 reverentia
858 3421 1001 3476 mensam
1121 3411 1178 3465 110

138 3488 200 3549 Hic
219 3491 321 3573 turpia
341 3484 478 3568 cybeles
498 3494 532 3549 et
550 3488 650 3550 fracta
669 3505 747 3550 voce
766 3484 917 3567 loquendi
