2542 3900
390 108 450 139 ..¹-
526 106 568 141 ⁸²
608 110 739 150 '’¹1⁸'-

328 222 335 231 U
367 198 477 278 2⁸⁹..
571 200 644 278 „m
748 208 757 219 v

122 212 186 281 roa
367 243 399 291 :v
433 210 619 293 eron„
648 207 855 281 sunaus

311 290 460 324 μω..
586 308 619 326 .·
648 288 714 328 ’,μὴ

122 384 262 465 (lugebat
279 381 367 443 ιιιιί
386 382 503 442 ventris
523 381 629 460 furor,
648 382 789 443 hostibus
809 383 886 462 ipsis
1098 384 1152 448 loo

121 468 277 531 Pallorem
297 485 332 529 ac
351 467 481 527 maciem
501 471 534 526 et
553 471 663 527 tenues
684 467 900 527 miserantibus
921 472 1021 547 artus,

122 553 265 617 Membro
286 550 386 629 aliena
405 550 487 610 fame
506 549 700 628 lacerabant,
721 569 790 611 esse
808 552 909 630 parati

121 638 164 699 ht
183 656 247 697 sua
290 620 435 711 Quisnam
455 634 611 693 hominum
637 593 756 696 renlam
783 633 857 694 dare
885 635 991 714 quisve
1020 634 1151 697 deorum
1200 706 1202 709 v

121 721 249 784 Viribus
268 719 411 779 abnuerit
431 716 499 777 dira
519 724 612 796 atque
620 716 774 779 immania
779 719 908 800 passis,

120 806 164 866 Et
185 804 295 884 quibus
313 799 438 861 illorum
457 803 632 885 poterunt·
621 821 785 880 ignoscere
805 820 925 881 munes,
1096 808 1151 866 105

122 890 260 966 Quorum
279 886 460 966 corporibus
478 880 704 946 vescebantur?
724 884 834 947 melius
852 905 909 946 uos

122 973 258 1033 Zenonis
278 977 446 1051 praecepto
465 975 608 1044 monent3
629 989 688 1030 nee
709 972 791 1030 euim
813 971 928 1051 omnia,
951 968 1098 1063 quaedam

120 1056 184 1117 Pro
202 1057 266 1115 vita
286 1053 429 1114 facienda
446 1059 549 1136 putet:
571 1051 628 1114 aed
647 1055 801 1129 Cantaber
822 1053 905 1113 uude

122 1139 260 1218 Stoicus,
280 1139 398 1217 antiqui
418 1140 603 1219 praesertIm
625 1145 726 1199 aetate
747 1124 896 1199 Metelli?

120 1224 209 1285 Nunc
230 1230 314 1284 totus
335 1222 444 1283 Graias
463 1230 645 1301 nostrasque
665 1224 761 1283 habet
782 1224 866 1283 orbis
886 1222 1042 1301 Athenas,
1097 1231 1150 1284 110

120 1305 224 1368 Gallie
244 1305 414 1367 causidicos
436 1305 541 1364 docuit
561 1304 692 1365 facundo
711 1307 892 1383 Britannos,

119 1391 168 1451 De
189 1387 390 1450 conducendo
410 1386 550 1468 loquitur
569 1389 629 1449 iam
649 1391 778 1450 rhetore
799 1388 913 1451 Thule.

120 1471 242 1534 Nobilis
262 1470 321 1532 ille
341 1479 443 1532 tamen
462 1469 610 1554 populus,
633 1492 724 1552 quem
745 1473 891 1552 diximus,
913 1479 946 1534 et
965 1491 1022 1553 par

120 1557 247 1620 Virtute
268 1562 360 1636 atque
379 1554 453 1636 tile,
475 1556 533 1616 sed
553 1558 650 1619 maior
671 1556 773 1636 clade,
793 1557 945 1635 Saguntus

122 1638 203 1702 Tele
225 1639 300 1720 quisi
320 1647 458 1701 excusat:
480 1639 639 1701 Maeotide
660 1643 780 1701 saevior
802 1662 854 1701 ara
1094 1647 1147 1701 115

120 1726 298 1806 Aegyptum
320 1725 434 1805 quippe
454 1721 511 1784 illa
531 1724 658 1785 nefandi
679 1725 811 1786 Taurica
832 1725 913 1785 sacri

120 1809 278 1870 Inventrix
296 1809 436 1869 homiues
459 1801 515 1892 [ut
533 1809 609 1888 iam,
633 1827 710 1888 quse
733 1810 866 1869 carmina
886 1807 1030 1885 tradunt,

118 1893 219 1971 Digna
236 1891 301 1953 tide
323 1885 454 1978 credas)
475 1897 593 1953 tautum
611 1892 765 1970 immolat,
786 1891 916 1952 ulterius
937 1889 984 1951 nil

119 1978 183 2038 Aut
202 1977 323 2054 gravius
344 1974 445 2037 cultro
465 1977 556 2037 timet
575 1978 690 2037 hostia:
713 1936 781 2056 qula
800 1974 890 2039 modo
914 1994 1001 2036 casus

119 2058 245 2141 Impulit
265 2058 344 2119 hosi
365 2077 443 2138 quae
464 2065 550 2120 tauta
569 2060 666 2120 famer
686 2061 861 2138 infestaque
881 2057 962 2119 rullo
1096 2068 1149 2120 100
1260 2031 1266 2045 ⁴

119 2145 214 2203 Arma
233 2147 403 2219 coegerunt
420 2147 482 2202 tam
503 2140 687 2203 detestabile
707 2149 910 2202 monstrum

120 2225 273 2287 Ardere?
294 2243 373 2286 anne
384 2223 499 2303 aliam,
520 2232 607 2287 terra
625 2220 830 2306 Memphitide
852 2228 948 2305 sicco,

119 2310 266 2372 Invidiam
286 2310 429 2371 facerent
447 2308 569 2371 uolenti
590 2328 718 2389 surgere
738 2308 832 2370 Nilo?

4 2446 5 2451 ,
120 2396 187 2472 Quo
206 2413 266 2455 nee
285 2392 445 2455 terribiles
466 2395 584 2456 Cimbri
604 2414 662 2455 nec
682 2395 826 2454 Britones
848 2412 989 2472 umquam

121 2479 380 2556 Sauromataeque
401 2484 506 2539 truces
529 2485 581 2540 aut
598 2481 744 2540 immanes
764 2477 948 2556 Agsthyrsi,
1098 2485 1147 2538 125

120 2563 187 2622 Hac
206 2563 304 2622 saevit
321 2563 408 2622 rabie
430 2561 557 2623 imbelle
579 2569 613 2623 et
629 2563 739 2624 inutile
759 2560 883 2639 vulgus,

87 2638 94 2649 ’
119 2644 250 2706 Parvula
266 2645 414 2705 tictihbus
435 2644 559 2706 solitum
580 2644 654 2707 dare
673 2646 740 2707 vela
760 2643 897 2728 phaselis

119 2730 163 2790 nt
183 2728 329 2790 brevibus
350 2728 453 2810 pictae
472 2729 567 2789 remis
587 2730 765 2789 incumbere
785 2734 898 2791 testae.

119 2812 186 2874 Nec
206 2830 338 2892 poenam
358 2812 471 2873 sceleri
490 2813 646 2892 invenies,
669 2831 727 2873 uec
747 2812 839 2892 iligna
858 2812 982 2895 parabis

120 2894 280 2977 Supplicia
299 2896 348 2956 hia
366 2894 535 2976 populis,
524 2915 559 2955 ιι
580 2915 708 2975 quorum
728 2902 832 2962 mente
853 2914 945 2978 parea
967 2901 1040 2956 aunt
1094 2902 1148 2956 130

118 2981 162 3041 nt
181 2979 297 3040 similer
317 2981 365 3040 ira
383 2986 475 3059 atque
495 2981 601 3040 fames.
643 2980 826 3042 Mollissima
847 2978 941 3041 corda

119 3066 260 3125 Humano
282 3064 391 3141 generi
412 3063 486 3124 dare
508 3083 542 3124 se
561 3071 670 3125 natura
689 3064 823 3143 fatetur,

120 3149 206 3225 Quae
223 3145 366 3208 lacrimas
388 3145 490 3223 dedit3
511 3148 589 3209 haec
607 3149 706 3208 nostri
725 3167 797 3229 pars
813 3106 933 3227 hptIma
953 3165 1069 3218 sensus.

119 3231 249 3292 Plorare
271 3248 346 3310 ergo
367 3232 454 3291 iubet
474 3251 594 3292 causam
613 3231 744 3292 (licentis
765 3232 854 3291 amici

120 3315 364 3394 Squsloremque
382 3315 446 3393 rei,
466 3314 618 3395 pupillum
639 3314 678 3376 acl
696 3317 764 3375 iura
784 3322 942 3378 vocantem
1097 3318 1149 3373 1³5

122 3398 448 3478 circumscriptorem,
471 3400 555 3459 cuius
576 3400 728 3460 manantia
746 3400 823 3460 fletu

123 3479 188 3542 0rs
204 3479 361 3563 puellares
381 3480 500 3543 faciunt
518 3484 638 3545 incerta
658 3481 769 3564 capilli.
