2542 3900
448 236 648 301 suumn
673 236 750 300 Vlll.
860 262 874 301 s
1070 240 1112 307 55

85 407 288 487 incertaeque
308 406 375 483 rei,
394 404 535 466 Phalaris
555 403 632 465 licet
650 407 800 486 imperet,
821 410 856 468 nt
874 409 917 469 sis

87 491 209 569 Falsus,
231 496 265 550 et
287 487 409 550 admoto
431 488 529 549 dictet
549 489 686 569 periuria
705 496 808 550 tauro:

88 575 242 636 Summum
264 572 359 633 crede
378 574 466 633 nefas
487 574 615 633 animam
635 573 797 652 praeferre
816 573 928 655 pudori

87 659 127 720 111
147 663 279 739 propter
299 659 390 717 vitam
410 655 533 717 vivendi
553 655 690 737 perdere
709 677 823 721 causas.

86 743 204 820 Dignus
224 747 322 803 morte
340 742 440 821 perit,
462 746 573 800 coenet
592 739 672 800 licet
690 748 793 802 ostrea
813 750 936 804 centum
1071 752 1108 806 85

88 827 230 886 Gaurana
249 831 282 884 et
301 826 404 886 Cosmi
425 829 492 884 toto
514 830 670 903 mergatur
689 843 776 886 aeuo.

87 910 270 988 Exspectata
289 907 340 968 diu
360 907 485 968 tandem
505 909 663 987 provincis
684 927 775 986 quum
793 916 826 969 te

6 1034 8 1069 5
87 993 249 1052 Rectorem
271 994 418 1072 accipiet,
436 1010 518 1071 poue
538 993 605 1050 irae
625 991 715 1051 frena
735 991 935 1073 modumque,

6 1082 7 1087 ’
85 1077 172 1136 Pone
193 1082 225 1136 et
242 1076 403 1154 avaritiae,
424 1077 574 1135 miserere
595 1077 720 1156 inopum
740 1078 901 1140 sociorum.

86 1160 163 1220 Ossa
182 1159 266 1219 vides
287 1177 396 1238 regum
415 1160 517 1219 vacuis
538 1166 647 1220 eructa
665 1157 818 1220 medullis.
1071 1168 1107 1222 90

83 1243 231 1322 Respice,
250 1243 325 1321 qnid
345 1251 489 1303 moneant
508 1242 612 1322 leges,
634 1243 707 1323 quid
728 1245 813 1304 curia
832 1243 976 1321 mandet,

84 1327 224 1387 Praemia
243 1332 356 1406 quanta
374 1328 470 1387 bonos
490 1334 647 1406 maneant,
671 1347 759 1407 quam
780 1327 908 1389 fulmine
928 1332 1008 1390 iusto

64 1412 121 1477 ,Et
142 1412 253 1491 Capito
275 1417 308 1471 et
329 1410 430 1470 Tutor
450 1413 595 1489 ruerint,
612 1411 774 1472 damnante
794 1420 919 1492 senatu,

82 1495 202 1554 Piratae
224 1493 362 1559 Cilicum
405 1494 469 1554 Sed
490 1493 564 1574 quid
583 1495 734 1555 damnatio
756 1496 893 1573 confert,

83 1579 180 1654 Quum
199 1579 299 1638 Pansa
319 1580 447 1658 eripiat,
467 1577 617 1656 quidquid
634 1579 693 1638 tibi
712 1577 805 1639 Natta
822 1577 971 1658 reliquit?
1069 1588 1104 1642 95

82 1661 286 1740 Praeconem,
308 1663 498 1742 Gbaerippe,
517 1663 579 1722 tuis
599 1663 799 1743 circumspice
820 1664 929 1743 pannis

82 1744 204 1824 lamque
224 1754 301 1806 tace.
343 1746 446 1806 Furor
467 1753 516 1807 est
535 1751 607 1826 post
628 1749 729 1806 omnia
748 1746 883 1826 perdere
901 1745 1030 1808 naulum

81 1827 150 1890 Nou
169 1827 252 1888 idern
272 1832 402 1908 gemitus
422 1826 496 1889 olim
516 1848 618 1909 neque
638 1826 747 1889 minus
769 1835 837 1890 erat
855 1849 912 1909 par

82 1912 266 1973 llamnorum
286 1915 377 1973 sociis
398 1914 581 1974 florentibus
602 1919 636 1974 et
656 1913 747 1974 modo
767 1915 866 1975 victis.

80 1995 176 2056 l'leua
197 1995 302 2057 domus
322 2003 396 2057 tunc
417 1999 531 2076 omnis,
553 2003 586 2058 et
603 1998 712 2077 ingens
732 1999 833 2059 stabat
849 2016 974 2060 acervus
1050 2009 1103 2061 100

79 2079 290 2159 Nummorum,
313 2081 464 2161 Spartana
484 2080 636 2161 chlamys,
656 2080 819 2162 conchylia
839 2084 917 2161 coa,

79 2164 119 2224 lit
138 2184 207 2224 cum
226 2163 384 2225 Parrhasii
404 2163 518 2225 tabulis
536 2167 693 2245 signisque
713 2167 855 2247 Myronis

80 2246 257 2307 Phidiacum
277 2250 399 2309 vivebat
420 2250 513 2328 ebur,
533 2267 675 2310 necnon
695 2249 849 2328 Polycleti

80 2331 197 2392 Multus
216 2333 330 2412 ubique
350 2331 455 2407 labor,
475 2353 564 2393 rarae
586 2335 653 2394 sine
673 2333 819 2393 Mentore
841 2350 973 2395 mensae.

80 2413 154 2474 lude
175 2413 337 2476 Dolabella
357 2423 449 2496 atque
469 2418 543 2477 binc
562 2417 730 2493 Antonius,
750 2414 824 2476 inde
1051 2427 1100 2478 105

80 2496 254 2579 sacrilegus
273 2501 390 2563 Verres
410 2501 592 2562 referebant
612 2501 738 2561 navibus
758 2497 830 2561 altis

80 2581 208 2643 Occulta
227 2582 327 2665 spolia
348 2591 381 2644 et
399 2584 505 2664 plures
526 2584 565 2644 de
586 2601 662 2664 pace
682 2584 864 2665 triumphos.

78 2665 164 2743 Nunc
185 2669 277 2727 sociis
298 2669 370 2747 iuga
388 2687 485 2747 panca
505 2671 610 2747 boum,
632 2685 707 2747 grex
726 2687 837 2748 parvus
859 2687 1005 2748 equarum

78 2748 117 2809 111
136 2757 228 2831 pater
249 2753 380 2812 armenti
402 2759 492 2833 capto
513 2754 664 2834 eripietur
685 2751 802 2831 agello,

78 2833 138 2913 lpsi
159 2834 273 2895 deinde
293 2834 441 2912 lares,‘si
462 2836 545 2915 quod
565 2833 735 2917 spectabile
748 2838 883 2914 signum,
1050 2846 1100 2897 110

79 2915 114 2977 Si
132 2919 200 2997 quis
220 2920 254 2978 in
274 2917 411 2980 aedicula
431 2917 506 2980 deus
527 2922 651 2994 unicus3
671 2920 748 2981 baec
769 2922 884 2980 etenim
905 2926 976 2980 sunt

77 2999 137 3061 Pro
158 3004 299 3081 summis,
319 3023 389 3064 uam
411 3009 482 3063 sunt
501 3004 579 3065 baec
598 3004 733 3065 maxima.
774 3003 933 3084 Despicias
952 3011 987 3065 tu

76 3082 219 3147 Forsitan
238 3086 384 3148 imbelles
404 3086 541 3149 Rhodios
561 3095 744 3167 unctamque
766 3088 953 3149 Corinthon:

76 3167 233 3250 Despicias
256 3173 377 3233 merito.
423 3171 504 3249 Quid
523 3173 658 3232 resinata
675 3173 817 3232 iuventus

76 3252 234 3332 lituraque
255 3256 352 3314 totius
370 3255 488 3317 facient
507 3258 565 3317 tibi
583 3254 666 3316 levia
687 3256 809 3333 gentis?
1046 3262 1098 3314 115

74 3335 210 3397 Horrida
229 3337 353 3398 vitanda
371 3345 420 3399 est
439 3340 605 3421 Hispania,
622 3336 761 3409 Gallicus
782 3340 845 3399 anis

74 3416 290 3501 Illyricumque
311 3420 408 3497 latus3
429 3443 522 3503 parce
543 3432 576 3486 et
597 3424 783 3484 messoribus
803 3421 884 3501 illis,

74 3502 135 3581 Qui
150 3511 291 3567 saturant
310 3507 419 3567 urbem
442 3509 524 3569 circo
546 3525 718 3585 scenaeque
735 3513 900 3567 vacantem.
