2530 3900
440 238 639 299 saulus
663 236 712 300 ill.

62 412 150 473 Nunc
170 409 251 469 sacri
271 407 371 466 fontis
387 424 495 466 nemus
517 412 549 465 et
570 404 698 466 delubra
718 405 860 467 locantur

62 494 118 556 lud
157 494 165 511 '
190 537 200 572 ,
221 510 351 569 quorum
369 491 518 571 cophinus
537 489 721 568 foenuuique
742 489 899 571 supelle13

64 580 121 641 0m
136 584 141 593 “
155 597 171 637 s
184 577 276 659 ‚enim
296 571 410 653 populo
425 572 602 633 mercedem
620 573 758 652 pendere
780 576 862 635 iussa
882 581 931 635 est
1053 587 1086 639 15

63 664 188 736 Arbor,
210 664 243 718 et
264 657 371 717 eiectis
391 655 546 717 mendicat
563 657 638 716 silva
657 658 810 719 Damonis.

63 747 101 806 ln
121 742 237 804 vallem
255 742 386 819 Egeriae
406 740 620 802 descendimus
641 749 674 801 et
694 741 856 821 speluncas

67 825 243 888 Dissimiles
260 827 351 886 veris.
397 826 516 902 Quanto
537 826 743 904 praestantius
764 834 848 886 esset

64 912 188 972 Numen
208 929 317 988 aquae,
335 907 428 969 viridi
449 909 476 968 si
498 909 635 987 margine
657 908 816 969 clauderet
836 909 932 970 undas

66 995 189 1071 Herba,
208 1011 265 1053 nec
286 995 454 1071 ingenuum
474 989 633 1055 violarent,
648 1011 799 1052 marmora
818 994 959 1074 tophum!
1054 1002 1088 1055 io

65 1079 127 1138 Hic
147 1084 217 1137 tuuc
238 1077 430 1138 Umbricius:
451 1074 578 1152 Quando
601 1076 734 1153 artibus,
755 1078 872 1156 inquit,
892 1077 1031 1138 honestis

63 1159 172 1223 Nullus
190 1163 223 1220 in
241 1163 321 1221 urbe
340 1158 445 1239 locus,
465 1157 553 1219 nulla
574 1157 779 1219 emolumenta
796 1158 951 1238 laborum,

63 1246 126 1306 lies
147 1245 240 1305 hodie
258 1245 360 1304 minor
381 1251 445 1321 est,
472 1245 550 1304 here
572 1262 661 1322 quam
681 1244 757 1321 fuit,
779 1251 870 1323 atque
892 1244 1001 1305 eadem
1021 1264 1088 1304 cras

11 1368 12 1373 κ
61 1330 194 1389 Deteret
215 1329 333 1408 exiguis
354 1327 487 1406 aliquid:
505 1329 705 1407 proponimus
724 1326 798 1388 illuc
998 1390 1005 1407 ,

62 1413 129 1491 Ire,
149 1413 291 1492 fatigatas
312 1414 365 1472 ubi
385 1410 538 1472 Daedalus
559 1412 643 1471 exuit
664 1410 741 1488 alas,
1055 1422 1089 1473 25

61 1497 142 1557 Dum
162 1516 241 1556 nova
262 1498 406 1574 canities,
429 1494 501 1555 dum
519 1496 619 1576 prima
637 1500 670 1554 et
689 1503 776 1556 recta
796 1502 955 1573 senectus,

62 1581 143 1641 Dum
163 1587 307 1660 superest
326 1580 474 1658 Lachesi,
499 1577 582 1658 quod
601 1584 760 1658 torqueat,
782 1579 964 1661 etpedibus
985 1598 1034 1640 me

61 1666 160 1724 Porto
178 1665 272 1741 meis,
294 1662 381 1723 nullo
401 1663 538 1724 dextram
555 1664 706 1723 subeunte
727 1663 849 1725 bacillo.

62 1747 217 1809 Cedamus
239 1749 355 1827 patria:
376 1749 476 1807 vivant
493 1748 637 1807 Artorius
658 1748 729 1806 istic

61 1833 107 1893 Et
124 1829 269 1905 Catulus3
290 1836 447 1908 maneant,
470 1832 521 1909 qui
541 1833 661 1910 nigrum
681 1832 715 1890 iu
736 1827 865 1889 candida
884 1835 1024 1906 vertunt,
1054 1836 1090 1889 30

63 1916 162 1991 Queis
184 1912 278 1973 facile
300 1920 349 1973 est
368 1912 475 1973 aedem
497 1914 686 1993 conducere,
705 1914 845 1991 ilumiua,
866 1917 989 1993 portus,

63 1996 245 2059 Siccandarn
265 1996 411 2076 eluviem,
431 1997 614 2078 portandum
637 1997 676 2058 ad
696 1999 785 2058 busta
806 1995 951 2075 cadauer,

61 2084 105 2144 Et
124 2084 278 2162 praebere
299 2088 389 2162 caput
409 2080 532 2143 domina
550 2081 660 2143 renale
681 2083 737 2142 sub
756 2082 852 2143 hasta.

62 2165 223 2243 Quondam
243 2167 277 2226 hi
299 2168 471 2227 cornicines
494 2172 527 2226 et
548 2164 739 2248 municipalis
762 2185 873 2226 arenae

61 2251 212 2330 Perpetui
234 2252 361 2311 comites
382 2258 535 2329 notaeque
555 2269 614 2332 per
635 2249 748 2331 oppida
768 2250 882 2309 buccae
1055 2256 1089 2308 35

62 2334 198 2395 Munera
217 2352 298 2393 nune
321 2333 432 2412 edunt,
455 2342 488 2395 et
507 2352 597 2394 verso
618 2334 732 2414 pollice
750 2332 832 2410 vulgi

63 2416 242 2494 Quamlibet
261 2418 405 2480 occidunt
425 2417 635 2498 populariter:
654 2417 729 2477 iude
750 2416 868 2477 reversi

63 2500 249 2563 Gonducuut
268 2502 399 2576 ioricas;
420 2507 454 2560 et
473 2521 528 2561 cur
546 2501 753 2562 nouomnia?
772 2520 863 2579 quum
885 2500 962 2577 siut,

63 2584 179 2661 Quules
200 2604 238 2645 ex
257 2583 367 2645 humili
387 2604 495 2664 magna
515 2584 554 2644 ad
572 2585 695 2664 fastigia
716 2604 828 2647 rerum.

62 2668 210 2747 Extollit,
232 2671 353 2747 quoties
370 2667 467 2730 voluit
485 2668 622 2730 Fortuna
642 2671 747 2730 iocari.
964 2676 968 2682 '
1053 2673 1088 2726 lo

62 2752 146 2829 Quid
165 2752 280 2812 Romae
298 2753 429 2813 faciam?
448 2756 574 2814 mentiri
593 2755 714 2827 neseio;
734 2751 862 2829 librum,
926 2764 978 2871 Ο

64 2836 97 2896 Si
120 2835 216 2896 malus
238 2842 303 2914 est,
324 2855 446 2916 nequeo
467 2835 593 2897 laudare
614 2843 648 2896 et
667 2854 814 2918 poscere3
835 2840 934 2895 motus

62 2922 228 2981 Astrorum
246 2921 373 2998 ignoro;
393 2921 484 2980 funus
503 2922 688 3001 promittere
706 2921 803 3000 patris

62 3004 129 3065 Nec
149 3003 236 3082 volo,
257 3022 316 3064 nec
335 3022 476 3085 possum3
497 3024 638 3065 ranarum
657 3006 775 3065 viscera
795 3021 957 3082 numquam

62 3088 203 3168 Inspexi;
223 3088 311 3148 ferre
331 3088 371 3148 ad
390 3095 531 3170 nuptam,
553 3107 631 3168 quae
651 3089 748 3148 mittit
766 3082 904 3165 adulter,
1054 3091 1088 3143 45

63 3172 148 3248 Quae
169 3170 309 3250 mandat,
329 3180 444 3233 norunt
465 3172 534 3247 nlii3
555 3191 604 3232 me
625 3190 716 3233 nemo
737 3173 878 3232 ministro

61 3255 127 3316 Fur
148 3257 224 3334 erit,
247 3261 338 3332 atque
359 3256 430 3317 ideo
451 3255 528 3317 nulli
550 3274 652 3316 comes
673 3273 763 3333 exeo,
785 3261 937 3333 tamquam

60 3339 192 3400 Mancus
214 3345 247 3399 et
268 3341 437 3400 exstinctae
458 3359 569 3421 corpus
587 3358 649 3399 uon
670 3338 748 3399 utile
770 3338 906 3399 dextrae.

61 3424 138 3499 Quis
160 3443 242 3483 nunc
264 3419 419 3501 diligitur,
440 3427 501 3484 nisi
523 3425 679 3500 conscius,
700 3429 734 3483 et
755 3425 803 3482 eui
824 3424 949 3482 fervens

62 3508 193 3569 Aestuat
214 3505 343 3568 occultis
365 3510 481 3569 animus
503 3523 687 3586 semperque
708 3504 871 3564 tacendis?
1054 3508 1090 3557 50
