2542 3900
141 232 185 297 02
434 233 470 296 Ι).
493 231 584 295 lUN.
607 229 874 295 iuvnNA-nls

143 401 284 465 Clamore
306 422 341 462 ιι
361 402 528 482 posthaec
548 398 666 461 ιιΙιιῙιι
686 406 805 461 mutare
826 401 964 480 paraliae
1133 413 1171 467 55

141 485 232 548 Unde
252 487 311 547 tibi
330 486 466 545 frontem
485 483 722 562 libertatemque
742 485 897 564 parentia,

142 572 242 648 Quum
262 571 357 630 facian
379 571 487 649 peiora
507 586 602 628 neuen
622 587 809 646 vacuumque
830 569 961 628 cerebro

140 656 203 714 lam
224 653 346 735 pridem
368 659 459 733 caput
479 653 539 712 hoo
559 659 686 713 ventosa
707 654 866 713 cucurbita
887 654 1037 731 quaerat?

181 739 313 820 Hospite
334 745 482 814 venturo,
501 738 634 798 cessabit
654 755 744 797 nemo
766 742 898 798 tuorum.

141 823 244 886 Verre
262 824 483 905 pavimentum,
503 820 617 881 nitidas
638 820 769 881 ostende
789 819 961 900 columnae,
1133 831 1175 886 ω’

141 906 239 967 Arida
259 926 327 967 oum
347 911 421 967 tota
435 904 604 965 descendat
625 925 737 966 aranea
757 903 836 981 tela,

141 991 202 1051 llio
221 989 306 1050 lavet
327 996 503 1068 argentum,
524 1009 595 1050 ιιιι
615 1008 724 1070 aspera
744 995 867 1067 tergeat
885 987 981 1048 alter:

142 1075 211 1137 Vox
231 1073 348 1134 domini
368 1073 476 1133 fremit
494 1074 638 1133 instantia
658 1075 835 1152 virgamque
857 1072 1002 1133 tenentia.

141 1159 225 1236 Ergo
245 1159 340 1218 miser
361 1156 517 1237 trepidus,
538 1174 579 1217 ne
600 1163 740 1218 stercore
759 1155 853 1217 foeda
874 1156 982 1216 canino
1030 1204 1034 1213 ,

141 1242 231 1301 Atria
253 1240 438 1322 displiceant
460 1239 557 1300 oeulis
577 1243 730 1303 venientia
752 1241 855 1318 amici,
1133 1248 1169 1302 65

141 1324 188 1388 Ne
208 1326 335 1405 perfusa
354 1322 421 1384 luto
443 1325 485 1383 ait
502 1325 657 1403 portieua3
677 1332 710 1385 et
731 1331 833 1384 tamen
854 1342 914 1382 uno

143 1407 288 1468 Semodio
308 1409 409 1468 roobia
430 1408 508 1467 haec
528 1406 672 1468 emendat
692 1407 831 1477 servulus
853 1426 945 1466 unua:
1014 1478 1019 1489 .

142 1491 223 1552 fflud
243 1511 306 1551 non
327 1494 440 1570 agitur,
461 1498 496 1551 ut
516 1498 651 1552 nanctum
670 1491 751 1552 iilluo
774 1491 856 1551 omni

9 1646 10 1653 ἵ
141 1577 281 1656 Aspiciat
300 1578 367 1636 aine
388 1574 458 1636 labe
480 1575 601 1635 domum
621 1577 758 1654 vitioque
779 1573 958 1635 carentem?

143 1661 273 1722 Gratum
294 1665 356 1738 ιιι,
381 1658 462 1737 quod
482 1662 637 1740 patriae
624 1661 720 1721 civem
740 1658 917 1741 populoque
940 1655 1069 1735 dediati,
1131 1666 1169 1721 70

143 1745 291 1821 Silonis,
313 1750 347 1803 ut
366 1744 484 1824 patriae
506 1744 547 1803 ait
566 1727 714 1822 idoneus,
735 1743 820 1803 utilia
843 1743 940 1820 agria,

141 1827 236 1889 Utilia
257 1835 290 1889 et
309 1826 463 1888 bellorum
484 1834 518 1887 et
536 1830 620 1908 pacis
640 1831 734 1889 rebua
755 1826 890 1905 agendis.

143 1909 314 1972 Plurimum
333 1913 415 1972 enim
431 1912 577 1971 intererit
583 1914 718 2014 ‚quibua
735 1913 852 1972 artibus
869 1916 902 1969 et
918 1892 1026 1988 quibua
1039 1910 1122 1972 hune
1134 1919 1170 1974 ιι

144 1996 286 2057 Moribus
307 1997 459 2056 instituas.
501 1995 655 2075 Serpente
675 1997 794 2056 oieonia
813 1993 914 2075 pullos

143 2080 249 2138 Nutrit
269 2086 302 2137 et
321 2081 446 2137 inventa
463 2097 521 2158 per
542 2076 630 2138 devia
649 2099 723 2138 rura
742 2076 875 2138 lacerta:
1130 2088 1164 2142 75

143 2161 194 2221 illi
214 2161 322 2221 eadem
344 2162 470 2239 aaumpti
494 2168 645 2239 quaerunt
667 2160 807 2223 animalia
830 2162 949 2242 pennis.

143 2244 273 2323 Vultur,
294 2246 431 2304 iumento
452 2250 485 2304 et
506 2247 630 2306 crnibus
651 2248 853 2324 crucibusque
875 2243 1016 2323 relictio,

142 2329 194 2390 Ad
213 2330 296 2391 fetus
313 2335 461 2409 properat
478 2336 658 2410 partemque
679 2329 834 2390 cadaveris
857 2330 963 2390 affert:

146 2415 207 2474 Hie
226 2420 275 2474 eat
296 2432 370 2491 ergo
392 2413 477 2472 cibus
498 2416 598 2492 magni
620 2434 741 2494 quoque
762 2414 891 2474 vulturis
912 2419 945 2472 et
962 2431 996 2474 ae

144 2498 319 2573 Parcentis,
339 2497 466 2575 propria
487 2516 577 2575 quum
596 2499 656 2559 inm
677 2499 752 2559 facit
772 2499 883 2558 arbore
904 2497 1002 2557 nidos.
1135 2507 1171 2562 80

145 2580 209 2641 Sed
229 2579 370 2660 leporem
390 2585 442 2638 ιιι
464 2599 604 2660 capream
622 2581 753 2642 famulae
774 2583 851 2642 Iovia
868 2587 907 2641 et
928 2599 1097 2658 generosae

144 2666 179 2726 ln
200 2663 281 2723 saltu
299 2667 449 2723 venantur
471 2683 555 2743 aveo,
576 2670 649 2725 tuno
669 2665 785 2746 praeda
803 2666 897 2726 cubili

144 2749 290 2809 Ponitur:
311 2745 385 2807 inde
407 2753 507 2807 autem
527 2767 619 2827 quum
637 2768 672 2809 ae
693 2756 810 2810 matura
830 2748 947 2809 levabit

145 2833 332 2910 Progenies,
354 2829 532 2891 stimulante
550 2832 631 2893 fame
651 2834 779 2894 festinat
800 2833 839 2893 ad
858 2830 960 2911 illam,

146 2918 243 2994 Quam
263 2916 395 2996 primum
414 2915 560 2995 praedam
578 2924 670 2998 rupto
692 2924 866 2995 guataverut
886 2936 953 2978 ovo.
1059 2931 1064 2942 ·
1134 2925 1171 2981 85

184 2999 374 3060 Aedificator
394 3007 462 3060 erat
482 3001 667 3062 Centroniua
689 3009 722 3062 et
739 3000 831 3062 modo
853 3020 945 3061 curvo

144 3084 253 3146 Litore
275 3085 415 3160 Caietae,
437 3104 552 3145 nummu
571 3105 652 3146 nuno
675 3086 800 3146 Tiburis
823 3102 909 3162 aree,

144 3166 233 3228 Nune
250 3167 491 3247 Praenestinis·
481 3187 514 3227 ιι
535 3171 689 3229 montibus
710 3168 770 3231 alta
791 3170 919 3250 parabat

147 3252 287 3313 Gulmina
305 3248 447 3310 villarum
468 3251 595 3312 Graecia
613 3251 768 3332 longeque
790 3253 898 3333 petitia

145 3335 368 3410 Marmoribua,
389 3335 514 3394 vincens
534 3336 691 3396 Fortunae
712 3345 803 3416 atque
819 3332 966 3396 Herculia
988 3333 1173 3415 aedem‚9o

146 3418 191 3478 Ut
211 3417 305 3498 apado
328 3419 470 3477 vincebat
490 3418 643 3499 Capitolia
661 3427 766 3480 nostra
785 3418 924 3481 Posidea.

146 3500 269 3562 llum
245 3521 290 3562 uc
310 3519 385 3580 ergo
403 3501 522 3563 habitat
541 3503 743 3584 Centronlua,
762 3504 914 3565 imminuit
934 3520 1018 3582 rem,
