<?xml version="1.0" encoding="UTF-8"?>
<!DOCTYPE html PUBLIC "-//W3C//DTD XHTML 1.0 Transitional//EN"
    "http://www.w3.org/TR/xhtml1/DTD/xhtml1-transitional.dtd">
<html xmlns="http://www.w3.org/1999/xhtml" xml:lang="en" lang="en">
 <head>
  <title>
</title>
<meta http-equiv="Content-Type" content="text/html;charset=utf-8" />
  <meta name='ocr-system' content='tesseract 3.04.00' />
  <meta name='ocr-capabilities' content='ocr_page ocr_carea ocr_par ocr_line ocrx_word'/>
</head>
<body>
  <div class='ocr_page' id='page_1' title='image "./diuniiiuvenalis00haecgoog_0076.png"; bbox 0 0 2542 3900; ppageno 0'>
   <div class='ocr_carea' id='block_1_1' title="bbox 511 239 789 304">
    <p class='ocr_par' dir='ltr' id='par_1_1' title="bbox 511 239 789 304">
     <span class='ocr_line' id='line_1_1' title="bbox 511 239 789 304; baseline 0.014 -4"><span class='ocrx_word' id='word_1_1' title='bbox 511 239 789 304; x_wconf 78' lang='lat' dir='ltr'><strong>SATerl-Vl.</strong></span> 
     </span>
    </p>
   </div>
   <div class='ocr_carea' id='block_1_2' title="bbox 3 406 1164 2669">
    <p class='ocr_par' dir='ltr' id='par_1_2' title="bbox 130 406 1164 2248">
     <span class='ocr_line' id='line_1_2' title="bbox 133 406 1003 491; baseline 0.002 -21"><span class='ocrx_word' id='word_1_2' title='bbox 133 411 219 488; x_wconf 78' lang='lat' dir='ltr'><strong>Quae</strong></span> <span class='ocrx_word' id='word_1_3' title='bbox 240 407 384 490; x_wconf 87' lang='lat' dir='ltr'><strong>peperit;</strong></span> <span class='ocrx_word' id='word_1_4' title='bbox 403 406 529 467; x_wconf 85' lang='lat' dir='ltr'><strong>timidus</strong></span> <span class='ocrx_word' id='word_1_5' title='bbox 550 413 731 487; x_wconf 68' lang='lat' dir='ltr'><strong>praegustet</strong></span> <span class='ocrx_word' id='word_1_6' title='bbox 748 407 860 488; x_wconf 87' lang='lat' dir='ltr'><strong>pocula</strong></span> <span class='ocrx_word' id='word_1_7' title='bbox 879 431 1003 491; x_wconf 86' lang='lat' dir='ltr'><strong>pappaa.</strong></span> 
     </span>
     <span class='ocr_line' id='line_1_3' title="bbox 131 490 1009 573; baseline 0.001 -18"><span class='ocrx_word' id='word_1_8' title='bbox 131 496 294 573; x_wconf 78' lang='lat' dir='ltr'><strong>Fingimus</strong></span> <span class='ocrx_word' id='word_1_9' title='bbox 314 493 407 569; x_wconf 87' lang='lat' dir='ltr'><strong>haec,</strong></span> <span class='ocrx_word' id='word_1_10' title='bbox 427 490 520 550; x_wconf 87' lang='lat' dir='ltr'><strong>altum</strong></span> <span class='ocrx_word' id='word_1_11' title='bbox 542 492 644 551; x_wconf 88' lang='lat' dir='ltr'><strong>Satira</strong></span> <span class='ocrx_word' id='word_1_12' title='bbox 664 498 805 551; x_wconf 78' lang='lat' dir='ltr'>sumente</span> <span class='ocrx_word' id='word_1_13' title='bbox 827 495 1009 557; x_wconf 90' lang='lat' dir='ltr'><strong>cothurnum</strong></span> 
     </span>
     <span class='ocr_line' id='line_1_4' title="bbox 133 573 1164 656; baseline -0.004 -17"><span class='ocrx_word' id='word_1_14' title='bbox 133 578 283 655; x_wconf 76' lang='lat' dir='ltr'>Scilicet,</span> <span class='ocrx_word' id='word_1_15' title='bbox 305 582 338 634; x_wconf 91' lang='lat' dir='ltr'><strong>et</strong></span> <span class='ocrx_word' id='word_1_16' title='bbox 356 576 448 634; x_wconf 87' lang='lat' dir='ltr'><strong>finem</strong></span> <span class='ocrx_word' id='word_1_17' title='bbox 470 577 590 654; x_wconf 81' lang='lat' dir='ltr'><strong>egressi</strong></span> <span class='ocrx_word' id='word_1_18' title='bbox 609 573 772 654; x_wconf 82' lang='lat' dir='ltr'><strong>legemque</strong></span> <span class='ocrx_word' id='word_1_19' title='bbox 792 577 931 656; x_wconf 78' lang='lat' dir='ltr'><strong>priorum</strong></span> <span class='ocrx_word' id='word_1_20' title='bbox 1113 591 1164 646; x_wconf 74' lang='lat'><strong>635</strong></span> 
     </span>
     <span class='ocr_line' id='line_1_5' title="bbox 133 658 930 738; baseline -0.004 -15"><span class='ocrx_word' id='word_1_21' title='bbox 133 660 264 723; x_wconf 83' lang='lat' dir='ltr'><strong>Grande</strong></span> <span class='ocrx_word' id='word_1_22' title='bbox 284 658 456 738; x_wconf 86' lang='lat' dir='ltr'><strong>Sophocleo</strong></span> <span class='ocrx_word' id='word_1_23' title='bbox 479 677 604 721; x_wconf 85' lang='lat' dir='ltr'><strong>carmen</strong></span> <span class='ocrx_word' id='word_1_24' title='bbox 625 659 808 719; x_wconf 71' lang='lat' dir='ltr'><strong>bacchamur</strong></span> <span class='ocrx_word' id='word_1_25' title='bbox 828 661 930 737; x_wconf 90' lang='lat' dir='ltr'><strong>hiatu,</strong></span> 
     </span>
     <span class='ocr_line' id='line_1_6' title="bbox 136 741 923 821; baseline -0.004 -15"><span class='ocrx_word' id='word_1_26' title='bbox 136 745 300 806; x_wconf 80' lang='lat' dir='ltr'><strong>Montibus</strong></span> <span class='ocrx_word' id='word_1_27' title='bbox 319 744 456 821; x_wconf 89' lang='lat' dir='ltr'><strong>ignotum</strong></span> <span class='ocrx_word' id='word_1_28' title='bbox 477 741 598 802; x_wconf 79' lang='lat' dir='ltr'><strong>Rutulis</strong></span> <span class='ocrx_word' id='word_1_29' title='bbox 620 742 770 821; x_wconf 85' lang='lat' dir='ltr'><strong>coeloque</strong></span> <span class='ocrx_word' id='word_1_30' title='bbox 789 743 923 804; x_wconf 75' lang='lat' dir='ltr'><strong>Latino?</strong></span> 
     </span>
     <span class='ocr_line' id='line_1_7' title="bbox 136 825 912 906; baseline 0 -19"><span class='ocrx_word' id='word_1_31' title='bbox 136 829 203 888; x_wconf 90' lang='lat' dir='ltr'><strong>Nos</strong></span> <span class='ocrx_word' id='word_1_32' title='bbox 223 829 335 887; x_wconf 88' lang='lat' dir='ltr'><strong>utinam</strong></span> <span class='ocrx_word' id='word_1_33' title='bbox 355 827 440 886; x_wconf 87' lang='lat' dir='ltr'><strong>vani!</strong></span> <span class='ocrx_word' id='word_1_34' title='bbox 462 825 519 886; x_wconf 90' lang='lat' dir='ltr'><strong>sed</strong></span> <span class='ocrx_word' id='word_1_35' title='bbox 540 826 650 885; x_wconf 89' lang='lat' dir='ltr'><strong>clamat</strong></span> <span class='ocrx_word' id='word_1_36' title='bbox 669 827 797 906; x_wconf 87' lang='lat' dir='ltr'><strong>Pontia,</strong></span> <span class='ocrx_word' id='word_1_37' title='bbox 818 827 912 905; x_wconf 84' lang='lat' dir='ltr'><strong>Feci,</strong></span> 
     </span>
     <span class='ocr_line' id='line_1_8' title="bbox 138 911 880 991; baseline -0.003 -19"><span class='ocrx_word' id='word_1_38' title='bbox 138 911 312 990; x_wconf 69' lang='lat' dir='ltr'><strong>(ioniiteor,</strong></span> <span class='ocrx_word' id='word_1_39' title='bbox 331 911 500 991; x_wconf 84' lang='lat' dir='ltr'><strong>puerisque</strong></span> <span class='ocrx_word' id='word_1_40' title='bbox 514 911 599 981; x_wconf 40' lang='lat' dir='ltr'><strong>,meis</strong></span> <span class='ocrx_word' id='word_1_41' title='bbox 621 911 741 970; x_wconf 90' lang='lat' dir='ltr'><strong>aconita</strong></span> <span class='ocrx_word' id='word_1_42' title='bbox 759 913 880 991; x_wconf 84' lang='lat' dir='ltr'><strong>paravi,</strong></span> 
     </span>
     <span class='ocr_line' id='line_1_9' title="bbox 138 993 1163 1077; baseline 0.003 -22"><span class='ocrx_word' id='word_1_43' title='bbox 138 996 224 1074; x_wconf 76' lang='lat' dir='ltr'><strong>Quae</strong></span> <span class='ocrx_word' id='word_1_44' title='bbox 244 995 398 1076; x_wconf 90' lang='lat' dir='ltr'><strong>deprensa</strong></span> <span class='ocrx_word' id='word_1_45' title='bbox 418 1000 542 1075; x_wconf 87' lang='lat' dir='ltr'><strong>patent:</strong></span> <span class='ocrx_word' id='word_1_46' title='bbox 563 993 682 1053; x_wconf 85' lang='lat' dir='ltr'><strong>facinus</strong></span> <span class='ocrx_word' id='word_1_47' title='bbox 702 1000 805 1054; x_wconf 86' lang='lat' dir='ltr'><strong>tamen</strong></span> <span class='ocrx_word' id='word_1_48' title='bbox 824 996 891 1074; x_wconf 88' lang='lat' dir='ltr'><strong>ipsa</strong></span> <span class='ocrx_word' id='word_1_49' title='bbox 909 999 1028 1077; x_wconf 87' lang='lat' dir='ltr'><strong>peregi.</strong></span> <span class='ocrx_word' id='word_1_50' title='bbox 1110 1009 1163 1064; x_wconf 79' lang='grc'><strong>646</strong></span> 
     </span>
     <span class='ocr_line' id='line_1_10' title="bbox 138 1076 900 1157; baseline -0.003 -17"><span class='ocrx_word' id='word_1_51' title='bbox 138 1079 228 1140; x_wconf 86' lang='lat' dir='ltr'><strong>Tune</strong></span> <span class='ocrx_word' id='word_1_52' title='bbox 250 1078 327 1139; x_wconf 94' lang='lat' dir='ltr'><strong>duos</strong></span> <span class='ocrx_word' id='word_1_53' title='bbox 347 1097 422 1156; x_wconf 85' lang='lat' dir='ltr'><strong>una,</strong></span> <span class='ocrx_word' id='word_1_54' title='bbox 442 1076 619 1138; x_wconf 85' lang='lat' dir='ltr'><strong>saevissima</strong></span> <span class='ocrx_word' id='word_1_55' title='bbox 639 1079 761 1157; x_wconf 82' lang='lat' dir='ltr'><strong>vipera,</strong></span> <span class='ocrx_word' id='word_1_56' title='bbox 783 1080 900 1138; x_wconf 71' lang='lat' dir='ltr'><strong>coena?</strong></span> 
     </span>
     <span class='ocr_line' id='line_1_11' title="bbox 137 1161 977 1242; baseline -0.001 -18"><span class='ocrx_word' id='word_1_57' title='bbox 137 1163 226 1224; x_wconf 78' lang='lat' dir='ltr'><strong>&#39;l&#39;une</strong></span> <span class='ocrx_word' id='word_1_58' title='bbox 248 1162 351 1223; x_wconf 70' lang='lat' dir='ltr'><strong>duos?</strong></span> <span class='ocrx_word' id='word_1_59' title='bbox 373 1161 516 1242; x_wconf 80' lang='lat' dir='ltr'><strong>Septem,</strong></span> <span class='ocrx_word' id='word_1_60' title='bbox 537 1164 564 1222; x_wconf 88' lang='lat' dir='ltr'><strong>si</strong></span> <span class='ocrx_word' id='word_1_61' title='bbox 585 1168 705 1241; x_wconf 87' lang='lat' dir='ltr'><strong>septem</strong></span> <span class='ocrx_word' id='word_1_62' title='bbox 726 1162 810 1222; x_wconf 87' lang='lat' dir='ltr'><strong>forte</strong></span> <span class='ocrx_word' id='word_1_63' title='bbox 830 1162 977 1225; x_wconf 85' lang='lat' dir='ltr'><strong>fuissent!</strong></span> 
     </span>
     <span class='ocr_line' id='line_1_12' title="bbox 134 1244 982 1325; baseline 0.002 -18"><span class='ocrx_word' id='word_1_64' title='bbox 134 1246 306 1308; x_wconf 78' lang='lat' dir='ltr'><strong>Credamus</strong></span> <span class='ocrx_word' id='word_1_65' title='bbox 326 1247 469 1324; x_wconf 76' lang='lat' dir='ltr'><strong>tragicis,</strong></span> <span class='ocrx_word' id='word_1_66' title='bbox 490 1244 641 1325; x_wconf 84' lang='lat' dir='ltr'><strong>quidquid</strong></span> <span class='ocrx_word' id='word_1_67' title='bbox 663 1245 702 1305; x_wconf 91' lang='lat' dir='ltr'><strong>de</strong></span> <span class='ocrx_word' id='word_1_68' title='bbox 725 1245 875 1307; x_wconf 78' lang='lat' dir='ltr'><strong>Colchide</strong></span> <span class='ocrx_word' id='word_1_69' title='bbox 895 1254 982 1309; x_wconf 83' lang='lat' dir='ltr'><strong>torua</strong></span> 
     </span>
     <span class='ocr_line' id='line_1_13' title="bbox 131 1330 949 1409; baseline 0.002 -19"><span class='ocrx_word' id='word_1_70' title='bbox 131 1331 256 1392; x_wconf 85' lang='lat' dir='ltr'><strong>Dicitur</strong></span> <span class='ocrx_word' id='word_1_71' title='bbox 279 1334 313 1390; x_wconf 89' lang='lat' dir='ltr'><strong>et</strong></span> <span class='ocrx_word' id='word_1_72' title='bbox 333 1330 473 1409; x_wconf 84' lang='lat' dir='ltr'><strong>Progne:</strong></span> <span class='ocrx_word' id='word_1_73' title='bbox 494 1331 540 1390; x_wconf 90' lang='lat' dir='ltr'><strong>nil</strong></span> <span class='ocrx_word' id='word_1_74' title='bbox 560 1335 669 1389; x_wconf 89' lang='lat' dir='ltr'><strong>contra</strong></span> <span class='ocrx_word' id='word_1_75' title='bbox 689 1349 802 1406; x_wconf 81' lang='lat' dir='ltr'><strong>conor3</strong></span> <span class='ocrx_word' id='word_1_76' title='bbox 822 1338 855 1392; x_wconf 92' lang='lat' dir='ltr'><strong>et</strong></span> <span class='ocrx_word' id='word_1_77' title='bbox 876 1330 949 1392; x_wconf 90' lang='lat' dir='ltr'><strong>illae</strong></span> 
     </span>
     <span class='ocr_line' id='line_1_14' title="bbox 133 1412 1161 1495; baseline 0.001 -19"><span class='ocrx_word' id='word_1_78' title='bbox 133 1414 273 1476; x_wconf 80' lang='lat' dir='ltr'><strong>Grandia</strong></span> <span class='ocrx_word' id='word_1_79' title='bbox 293 1419 430 1473; x_wconf 91' lang='lat' dir='ltr'><strong>monstra</strong></span> <span class='ocrx_word' id='word_1_80' title='bbox 450 1415 512 1473; x_wconf 86' lang='lat' dir='ltr'><strong>suis</strong></span> <span class='ocrx_word' id='word_1_81' title='bbox 534 1412 688 1474; x_wconf 86' lang='lat' dir='ltr'><strong>audebant</strong></span> <span class='ocrx_word' id='word_1_82' title='bbox 708 1417 914 1495; x_wconf 82' lang='lat' dir='ltr'><strong>temporibus3</strong></span> <span class='ocrx_word' id='word_1_83' title='bbox 936 1416 992 1477; x_wconf 90' lang='lat' dir='ltr'><strong>sed</strong></span> <span class='ocrx_word' id='word_1_84' title='bbox 1109 1428 1161 1483; x_wconf 78' lang='lat'><strong>645</strong></span> 
     </span>
     <span class='ocr_line' id='line_1_15' title="bbox 130 1497 996 1581; baseline 0.003 -23"><span class='ocrx_word' id='word_1_85' title='bbox 130 1499 201 1559; x_wconf 90' lang='lat' dir='ltr'><strong>Nou</strong></span> <span class='ocrx_word' id='word_1_86' title='bbox 221 1504 352 1579; x_wconf 87' lang='lat' dir='ltr'><strong>propter</strong></span> <span class='ocrx_word' id='word_1_87' title='bbox 372 1517 521 1559; x_wconf 89' lang='lat' dir='ltr'><strong>nummos.</strong></span> <span class='ocrx_word' id='word_1_88' title='bbox 564 1498 670 1581; x_wconf 71' lang='lat' dir='ltr'><strong>Minop</strong></span> <span class='ocrx_word' id='word_1_89' title='bbox 691 1497 851 1559; x_wconf 88' lang='lat' dir='ltr'><strong>admiratio</strong></span> <span class='ocrx_word' id='word_1_90' title='bbox 873 1504 996 1561; x_wconf 89' lang='lat' dir='ltr'><strong>summis</strong></span> 
     </span>
     <span class='ocr_line' id='line_1_16' title="bbox 130 1581 944 1661; baseline 0.001 -19"><span class='ocrx_word' id='word_1_91' title='bbox 130 1582 273 1643; x_wconf 82' lang='lat' dir='ltr'><strong>Debetur</strong></span> <span class='ocrx_word' id='word_1_92' title='bbox 293 1583 454 1659; x_wconf 83' lang='lat' dir='ltr'><strong>monstris,</strong></span> <span class='ocrx_word' id='word_1_93' title='bbox 476 1582 599 1661; x_wconf 85' lang='lat' dir='ltr'><strong>quoties</strong></span> <span class='ocrx_word' id='word_1_94' title='bbox 617 1581 694 1640; x_wconf 85' lang='lat' dir='ltr'><strong>facit</strong></span> <span class='ocrx_word' id='word_1_95' title='bbox 713 1582 761 1641; x_wconf 88' lang='lat' dir='ltr'><strong>ira</strong></span> <span class='ocrx_word' id='word_1_96' title='bbox 781 1589 944 1643; x_wconf 90' lang='lat' dir='ltr'><strong>nocentem</strong></span> 
     </span>
     <span class='ocr_line' id='line_1_17' title="bbox 132 1663 954 1739; baseline 0.001 -13"><span class='ocrx_word' id='word_1_97' title='bbox 132 1667 225 1726; x_wconf 86' lang='lat' dir='ltr'><strong>Hunc</strong></span> <span class='ocrx_word' id='word_1_98' title='bbox 247 1683 369 1739; x_wconf 81' lang='lat' dir='ltr'><strong>sexum3</strong></span> <span class='ocrx_word' id='word_1_99' title='bbox 389 1666 476 1725; x_wconf 87' lang='lat' dir='ltr'><strong>rabie</strong></span> <span class='ocrx_word' id='word_1_100' title='bbox 494 1667 583 1725; x_wconf 88' lang='lat' dir='ltr'><strong>iecur</strong></span> <span class='ocrx_word' id='word_1_101' title='bbox 603 1663 791 1726; x_wconf 84' lang='lat' dir='ltr'><strong>incendente</strong></span> <span class='ocrx_word' id='word_1_102' title='bbox 811 1667 954 1727; x_wconf 85' lang='lat' dir='ltr'><strong>feruutur</strong></span> 
     </span>
     <span class='ocr_line' id='line_1_18' title="bbox 132 1749 995 1829; baseline 0.002 -20"><span class='ocrx_word' id='word_1_103' title='bbox 132 1749 342 1829; x_wconf 80' lang='lat' dir='ltr'><strong>Praecipites,</strong></span> <span class='ocrx_word' id='word_1_104' title='bbox 362 1754 398 1808; x_wconf 91' lang='lat' dir='ltr'><strong>ut</strong></span> <span class='ocrx_word' id='word_1_105' title='bbox 418 1769 489 1809; x_wconf 83' lang='lat' dir='ltr'><strong>saxa</strong></span> <span class='ocrx_word' id='word_1_106' title='bbox 508 1750 588 1828; x_wconf 86' lang='lat' dir='ltr'><strong>iugis</strong></span> <span class='ocrx_word' id='word_1_107' title='bbox 609 1750 755 1829; x_wconf 88' lang='lat' dir='ltr'><strong>abrupta,</strong></span> <span class='ocrx_word' id='word_1_108' title='bbox 778 1751 887 1828; x_wconf 85' lang='lat' dir='ltr'><strong>quihus</strong></span> <span class='ocrx_word' id='word_1_109' title='bbox 907 1770 995 1811; x_wconf 90' lang='lat' dir='ltr'><strong>mons</strong></span> 
     </span>
     <span class='ocr_line' id='line_1_19' title="bbox 136 1831 1159 1912; baseline 0.006 -19"><span class='ocrx_word' id='word_1_110' title='bbox 136 1832 333 1893; x_wconf 78' lang='lat' dir='ltr'><strong>Subtrahitur</strong></span> <span class='ocrx_word' id='word_1_111' title='bbox 353 1832 495 1911; x_wconf 80' lang='lat' dir='ltr'><strong>clivoque</strong></span> <span class='ocrx_word' id='word_1_112' title='bbox 516 1831 598 1892; x_wconf 87' lang='lat' dir='ltr'><strong>latus</strong></span> <span class='ocrx_word' id='word_1_113' title='bbox 617 1831 775 1912; x_wconf 85' lang='lat' dir='ltr'><strong>pendente</strong></span> <span class='ocrx_word' id='word_1_114' title='bbox 793 1832 933 1896; x_wconf 69' lang='lat' dir='ltr'><strong>recedit:</strong></span> <span class='ocrx_word' id='word_1_115' title='bbox 1106 1846 1159 1899; x_wconf 85' lang='grc'><strong>660</strong></span> 
     </span>
     <span class='ocr_line' id='line_1_20' title="bbox 134 1914 1128 1999; baseline 0.005 -23"><span class='ocrx_word' id='word_1_116' title='bbox 134 1914 222 1976; x_wconf 89' lang='lat' dir='ltr'><strong>illam</strong></span> <span class='ocrx_word' id='word_1_117' title='bbox 244 1935 301 1996; x_wconf 88' lang='lat' dir='ltr'><strong>ego</strong></span> <span class='ocrx_word' id='word_1_118' title='bbox 321 1936 384 1976; x_wconf 89' lang='lat' dir='ltr'><strong>uon</strong></span> <span class='ocrx_word' id='word_1_119' title='bbox 405 1915 548 1995; x_wconf 87' lang='lat' dir='ltr'><strong>tulerim,</strong></span> <span class='ocrx_word' id='word_1_120' title='bbox 572 1934 650 1996; x_wconf 90' lang='lat' dir='ltr'><strong>quae</strong></span> <span class='ocrx_word' id='word_1_121' title='bbox 671 1922 826 1996; x_wconf 90' lang='lat' dir='ltr'><strong>computat</strong></span> <span class='ocrx_word' id='word_1_122' title='bbox 838 1923 880 1977; x_wconf 66' lang='lat' dir='ltr'><strong>*et</strong></span> <span class='ocrx_word' id='word_1_123' title='bbox 899 1917 1000 1979; x_wconf 90' lang='lat' dir='ltr'><strong>scelus</strong></span> <span class='ocrx_word' id='word_1_124' title='bbox 1018 1920 1128 1999; x_wconf 85' lang='lat' dir='ltr'><strong>ingens</strong></span> 
     </span>
     <span class='ocr_line' id='line_1_21' title="bbox 133 2000 915 2081; baseline 0.004 -21"><span class='ocrx_word' id='word_1_125' title='bbox 133 2000 215 2061; x_wconf 89' lang='lat' dir='ltr'><strong>Sana</strong></span> <span class='ocrx_word' id='word_1_126' title='bbox 234 2001 317 2061; x_wconf 87' lang='lat' dir='ltr'><strong>iacit.</strong></span> <span class='ocrx_word' id='word_1_127' title='bbox 362 2001 511 2081; x_wconf 78' lang='lat' dir='ltr'><strong>Spectant</strong></span> <span class='ocrx_word' id='word_1_128' title='bbox 527 2002 707 2061; x_wconf 88' lang='lat' dir='ltr'><strong>subeuntem</strong></span> <span class='ocrx_word' id='word_1_129' title='bbox 728 2002 792 2061; x_wconf 85' lang='lat' dir='ltr'><strong>fata</strong></span> <span class='ocrx_word' id='word_1_130' title='bbox 812 2003 915 2063; x_wconf 89' lang='lat' dir='ltr'><strong>mariti</strong></span> 
     </span>
     <span class='ocr_line' id='line_1_22' title="bbox 131 2082 863 2165; baseline 0.001 -20"><span class='ocrx_word' id='word_1_131' title='bbox 131 2083 284 2145; x_wconf 82' lang='lat' dir='ltr'><strong>Alcestim</strong></span> <span class='ocrx_word' id='word_1_132' title='bbox 304 2091 353 2163; x_wconf 85' lang='lat' dir='ltr'><strong>et,</strong></span> <span class='ocrx_word' id='word_1_133' title='bbox 375 2082 484 2144; x_wconf 88' lang='lat' dir='ltr'><strong>similis</strong></span> <span class='ocrx_word' id='word_1_134' title='bbox 503 2085 531 2144; x_wconf 90' lang='lat' dir='ltr'><strong>si</strong></span> <span class='ocrx_word' id='word_1_135' title='bbox 549 2087 736 2165; x_wconf 78' lang='lat' dir='ltr'><strong>permutatio</strong></span> <span class='ocrx_word' id='word_1_136' title='bbox 756 2084 863 2164; x_wconf 89' lang='lat' dir='ltr'><strong>detur,</strong></span> 
     </span>
     <span class='ocr_line' id='line_1_23' title="bbox 132 2167 918 2248; baseline 0.006 -20"><span class='ocrx_word' id='word_1_137' title='bbox 132 2167 239 2229; x_wconf 87' lang='lat' dir='ltr'><strong>Morte</strong></span> <span class='ocrx_word' id='word_1_138' title='bbox 260 2170 319 2228; x_wconf 84' lang='lat' dir='ltr'><strong>viri</strong></span> <span class='ocrx_word' id='word_1_139' title='bbox 340 2170 464 2248; x_wconf 86' lang='lat' dir='ltr'><strong>cupiant</strong></span> <span class='ocrx_word' id='word_1_140' title='bbox 485 2170 615 2229; x_wconf 84' lang='lat' dir='ltr'><strong>unimam</strong></span> <span class='ocrx_word' id='word_1_141' title='bbox 635 2188 760 2230; x_wconf 82' lang='lat' dir='ltr'><strong>serrare</strong></span> <span class='ocrx_word' id='word_1_142' title='bbox 779 2170 918 2233; x_wconf 88' lang='lat' dir='ltr'><strong>catellae.</strong></span> 
     </span>
    </p>

    <p class='ocr_par' dir='ltr' id='par_1_3' title="bbox 3 2250 1156 2669">
     <span class='ocr_line' id='line_1_24' title="bbox 3 2250 1156 2335; baseline 0.009 -25"><span class='ocrx_word' id='word_1_143' title='bbox 3 2270 4 2273; x_wconf 45' lang='lat'>¹</span> <span class='ocrx_word' id='word_1_144' title='bbox 134 2251 308 2312; x_wconf 82' lang='lat' dir='ltr'><strong>Occurrent</strong></span> <span class='ocrx_word' id='word_1_145' title='bbox 327 2250 443 2312; x_wconf 88' lang='lat' dir='ltr'><strong>multae</strong></span> <span class='ocrx_word' id='word_1_146' title='bbox 463 2253 522 2312; x_wconf 91' lang='lat' dir='ltr'><strong>tibi</strong></span> <span class='ocrx_word' id='word_1_147' title='bbox 543 2251 670 2314; x_wconf 89' lang='lat' dir='ltr'><strong>Belides</strong></span> <span class='ocrx_word' id='word_1_148' title='bbox 689 2260 781 2332; x_wconf 90' lang='lat' dir='ltr'><strong>atque</strong></span> <span class='ocrx_word' id='word_1_149' title='bbox 802 2253 970 2335; x_wconf 77' lang='lat' dir='ltr'><strong>Eriphylae</strong></span> <span class='ocrx_word' id='word_1_150' title='bbox 1104 2265 1156 2320; x_wconf 77' lang='lat'><strong>655</strong></span> 
     </span>
     <span class='ocr_line' id='line_1_25' title="bbox 132 2334 1004 2415; baseline 0.005 -20"><span class='ocrx_word' id='word_1_151' title='bbox 132 2334 244 2410; x_wconf 80' lang='lat' dir='ltr'><strong>Mane3</strong></span> <span class='ocrx_word' id='word_1_152' title='bbox 265 2334 541 2415; x_wconf 78' lang='lat' dir='ltr'><strong>Clytaemnestram</strong></span> <span class='ocrx_word' id='word_1_153' title='bbox 562 2336 665 2398; x_wconf 88' lang='lat' dir='ltr'><strong>nullus</strong></span> <span class='ocrx_word' id='word_1_154' title='bbox 682 2355 745 2396; x_wconf 90' lang='lat' dir='ltr'><strong>nou</strong></span> <span class='ocrx_word' id='word_1_155' title='bbox 764 2338 848 2396; x_wconf 72' lang='lat' dir='ltr'><strong>dous</strong></span> <span class='ocrx_word' id='word_1_156' title='bbox 869 2339 1004 2399; x_wconf 84' lang='lat' dir='ltr'><strong>habehit.</strong></span> 
     </span>
     <span class='ocr_line' id='line_1_26' title="bbox 131 2418 1019 2500; baseline 0.005 -22"><span class='ocrx_word' id='word_1_157' title='bbox 131 2418 202 2479; x_wconf 89' lang='lat' dir='ltr'><strong>lloe</strong></span> <span class='ocrx_word' id='word_1_158' title='bbox 219 2425 338 2481; x_wconf 90' lang='lat' dir='ltr'><strong>tautum</strong></span> <span class='ocrx_word' id='word_1_159' title='bbox 358 2421 475 2496; x_wconf 85' lang='lat' dir='ltr'><strong>refert,</strong></span> <span class='ocrx_word' id='word_1_160' title='bbox 497 2420 581 2499; x_wconf 90' lang='lat' dir='ltr'><strong>quod</strong></span> <span class='ocrx_word' id='word_1_161' title='bbox 602 2419 756 2498; x_wconf 78' lang='lat' dir='ltr'><strong>Tyndaris</strong></span> <span class='ocrx_word' id='word_1_162' title='bbox 777 2419 832 2479; x_wconf 89' lang='lat' dir='ltr'><strong>illa</strong></span> <span class='ocrx_word' id='word_1_163' title='bbox 853 2422 1019 2500; x_wconf 88' lang='lat' dir='ltr'><strong>bipennem</strong></span> 
     </span>
     <span class='ocr_line' id='line_1_27' title="bbox 130 2500 932 2583; baseline 0.001 -20"><span class='ocrx_word' id='word_1_164' title='bbox 130 2500 281 2564; x_wconf 84' lang='lat' dir='ltr'><strong>Insulsam</strong></span> <span class='ocrx_word' id='word_1_165' title='bbox 303 2510 337 2564; x_wconf 93' lang='lat' dir='ltr'><strong>et</strong></span> <span class='ocrx_word' id='word_1_166' title='bbox 356 2504 471 2564; x_wconf 77' lang='lat' dir='ltr'><strong>fatuam</strong></span> <span class='ocrx_word' id='word_1_167' title='bbox 492 2503 601 2565; x_wconf 83' lang='lat' dir='ltr'><strong>dextra</strong></span> <span class='ocrx_word' id='word_1_168' title='bbox 620 2503 768 2583; x_wconf 84' lang='lat' dir='ltr'><strong>laevaque</strong></span> <span class='ocrx_word' id='word_1_169' title='bbox 790 2506 932 2565; x_wconf 87' lang='lat' dir='ltr'><strong>tenebat:</strong></span> 
     </span>
     <span class='ocr_line' id='line_1_28' title="bbox 131 2586 959 2669; baseline 0.005 -23"><span class='ocrx_word' id='word_1_170' title='bbox 131 2586 176 2646; x_wconf 87' lang='lat' dir='ltr'><strong>At</strong></span> <span class='ocrx_word' id='word_1_171' title='bbox 195 2605 277 2647; x_wconf 84' lang='lat' dir='ltr'><strong>nuuc</strong></span> <span class='ocrx_word' id='word_1_172' title='bbox 299 2606 354 2648; x_wconf 89' lang='lat' dir='ltr'><strong>res</strong></span> <span class='ocrx_word' id='word_1_173' title='bbox 374 2590 474 2667; x_wconf 86' lang='lat' dir='ltr'><strong>agitur</strong></span> <span class='ocrx_word' id='word_1_174' title='bbox 495 2591 582 2649; x_wconf 88' lang='lat' dir='ltr'><strong>tenui</strong></span> <span class='ocrx_word' id='word_1_175' title='bbox 603 2586 750 2668; x_wconf 90' lang='lat' dir='ltr'><strong>pulmone</strong></span> <span class='ocrx_word' id='word_1_176' title='bbox 771 2590 915 2669; x_wconf 88' lang='lat' dir='ltr'><strong>rubetae,</strong></span> <span class='ocrx_word' id='word_1_177' title='bbox 955 2649 959 2657; x_wconf 76' lang='grc'>,</span> 
     </span>
    </p>
   </div>
   <div class='ocr_carea' id='block_1_3' title="bbox 130 2668 1268 2837">
    <p class='ocr_par' dir='ltr' id='par_1_4' title="bbox 130 2668 1268 2837">
     <span class='ocr_line' id='line_1_29' title="bbox 130 2668 1268 2754; baseline 0.009 -24"><span class='ocrx_word' id='word_1_178' title='bbox 130 2668 196 2731; x_wconf 89' lang='lat' dir='ltr'><strong>Sed</strong></span> <span class='ocrx_word' id='word_1_179' title='bbox 215 2677 320 2732; x_wconf 86' lang='lat' dir='ltr'><strong>tamen</strong></span> <span class='ocrx_word' id='word_1_180' title='bbox 341 2678 375 2732; x_wconf 86' lang='lat' dir='ltr'><strong>et</strong></span> <span class='ocrx_word' id='word_1_181' title='bbox 394 2673 497 2750; x_wconf 85' lang='lat' dir='ltr'><strong>ferro,</strong></span> <span class='ocrx_word' id='word_1_182' title='bbox 520 2673 547 2732; x_wconf 89' lang='lat' dir='ltr'><strong>si</strong></span> <span class='ocrx_word' id='word_1_183' title='bbox 566 2678 781 2754; x_wconf 79' lang='lat' dir='ltr'><strong>praegustaret</strong></span> <span class='ocrx_word' id='word_1_184' title='bbox 800 2673 927 2736; x_wconf 83' lang='lat' dir='ltr'><strong>Atrides</strong></span> <span class='ocrx_word' id='word_1_185' title='bbox 1103 2683 1157 2739; x_wconf 83' lang='grc'><strong>666</strong></span> <span class='ocrx_word' id='word_1_186' title='bbox 1267 2674 1268 2745; x_wconf 46' lang='lat' dir='ltr'><strong>i</strong></span> 
     </span>
     <span class='ocr_line' id='line_1_30' title="bbox 130 2754 1268 2837; baseline 0.007 -23"><span class='ocrx_word' id='word_1_187' title='bbox 130 2754 261 2817; x_wconf 87' lang='lat' dir='ltr'><strong>Pontica</strong></span> <span class='ocrx_word' id='word_1_188' title='bbox 280 2764 332 2816; x_wconf 89' lang='lat' dir='ltr'><strong>ter</strong></span> <span class='ocrx_word' id='word_1_189' title='bbox 352 2758 426 2816; x_wconf 78' lang='lat' dir='ltr'><strong>victi</strong></span> <span class='ocrx_word' id='word_1_190' title='bbox 447 2763 553 2817; x_wconf 85' lang='lat' dir='ltr'><strong>cautus</strong></span> <span class='ocrx_word' id='word_1_191' title='bbox 573 2756 772 2819; x_wconf 81' lang='lat' dir='ltr'><strong>medicamina</strong></span> <span class='ocrx_word' id='word_1_192' title='bbox 794 2759 886 2837; x_wconf 83' lang='lat' dir='ltr'><strong>regis.</strong></span> <span class='ocrx_word' id='word_1_193' title='bbox 1267 2764 1268 2769; x_wconf 74' lang='grc'>’</span> 
     </span>
    </p>
   </div>
   <div class='ocr_carea' id='block_1_4' title="bbox 0 0 1276 3900">
    <p class='ocr_par' dir='ltr' id='par_1_5' title="bbox 0 0 1276 3900">
     <span class='ocr_line' id='line_1_31' title="bbox 0 0 1276 3900; baseline 0 0"><span class='ocrx_word' id='word_1_194' title='bbox 0 0 1276 3900; x_wconf 95' lang='lat' dir='ltr'><strong> </strong></span> 
     </span>
    </p>
   </div>
  </div>
 </body>
</html>
