2542 3900
137 235 179 299 62
258 281 262 289 .
430 233 467 294 Ι).
488 231 580 294 lUN.
603 230 871 295 IUVENALIS

16 446 18 455 ·
137 398 298 466 Pascendi.
339 400 420 479 Quid
442 420 527 482 agam
546 402 654 461 bruma
674 401 837 480 spirante?
858 397 948 478 quid,
970 419 1042 477 oro,

138 484 221 564 Quid
242 484 339 545 dicam
361 486 492 567 scapulis
512 502 679 565 puerorum
693 500 805 543 »mense
826 482 993 544 Deccmbri

136 571 180 633 nt
199 568 355 649 pedibus?
376 568 485 629 durate
507 574 598 646 atque
620 573 796 648 exspectate
817 565 961 626 cicadas?
1009 603 1016 613 ·

137 654 272 731 Verum,
293 660 328 713 ut
349 651 540 730 dissimules,
561 657 596 711 ut
616 653 720 711 mittas
743 657 863 729 cetera,
887 658 1000 729 quanto
1132 660 1170 714 to

137 737 264 799 Metiris
284 738 404 817 pretio,
426 734 525 815 quod,
546 736 579 794 ni
601 736 659 795 tibi
679 733 803 795 deditus
825 753 926 795 essem
1019 792 1031 822 ο
1092 746 1095 753 ’

136 821 335 899 Devotusque
357 819 469 898 cliens,
490 839 567 879 uxor
587 825 640 879 tua
659 821 746 898 virgo
765 819 929 879 maneret?

139 904 207 965 Scis
228 910 332 981 certe,
355 905 465 982 quibus
485 904 546 963 ista
567 901 682 982 modis,
705 921 794 982 quam
816 921 908 984 saepe
929 904 1048 982 rogaris

126 989 180 1051 Jlt
201 1005 279 1068 quae
298 984 464 1067 pollicitus.
502 988 687 1067 Fugientem
708 1006 801 1068 saepe
821 986 956 1068 puellam

137 1070 291 1152 Amplexu
311 1073 416 1151 rapui3
436 1071 557 1132 tabulas
579 1091 701 1152 quoque
721 1078 850 1151 ruperat
871 1077 905 1132 et
924 1072 985 1131 iam
1131 1078 1166 1133 75

139 1156 303 1234 Signabat3
324 1161 391 1215 tota
410 1157 460 1216 vix
481 1157 541 1216 hoc
564 1174 620 1235 ego
643 1163 735 1216 nocte
756 1155 894 1234 redemi,

139 1240 188 1300 Te
209 1236 352 1319 plorante
372 1240 459 1301 foris.
497 1239 603 1299 Testis
623 1241 699 1299 mihi
718 1239 851 1300 lectulus
874 1245 907 1299 et
928 1245 980 1316 tu,

137 1321 189 1384 lid
210 1341 301 1401 quem
318 1323 461 1403 pervenit
480 1321 556 1382 lecti
578 1342 670 1382 sonus
691 1329 724 1383 et
745 1322 886 1383 dominae
906 1342 973 1383 vor.

137 1404 287 1467 Instabile
308 1426 343 1466 ac
364 1404 467 1466 dirimi
487 1414 630 1485 coeptum
649 1413 682 1467 et
702 1408 762 1467 iam
782 1424 882 1487 paene
904 1404 1035 1466 solutum

139 1491 322 1569 Coniugium
342 1491 376 1550 iri
396 1490 500 1550 multis
522 1488 661 1551 domibus
682 1492 815 1551 servavit
834 1488 967 1553 adulter.
1131 1499 1167 1553 80

139 1572 207 1650 Quo
228 1580 262 1633 te
283 1575 492 1652 circumagat?
512 1593 591 1654 quae
610 1577 709 1655 prima
730 1581 782 1635 aut
801 1572 910 1634 ultima
927 1572 1047 1654 ponas?

137 1655 262 1719 Nullum
280 1675 355 1737 ergo
377 1659 520 1718 meritum
542 1665 606 1737 est,
627 1660 748 1737 ingrate
769 1679 804 1718 ac
822 1656 959 1739 perfide,
981 1654 1113 1736 nullum,

138 1739 229 1819 Quod
249 1742 308 1803 tibi
328 1739 443 1803 liliolus
464 1739 515 1802 vel
535 1742 599 1803 iilia
618 1745 755 1803 nascitur
776 1761 815 1803 ex
835 1743 907 1802 mei

139 1822 243 1886 Tollis
265 1827 347 1887 cuim
368 1832 402 1886 et
422 1824 511 1886 libris
533 1833 670 1887 actorum
692 1844 839 1907 spargere
862 1822 976 1904 gaudes

137 1910 327 1988 Argumenta
346 1911 414 1971 viri.
451 1910 583 1970 Fetibus
605 1910 758 1990 suspende
781 1928 925 1986 coronas,
1130 1915 1167 1970 85

137 1994 201 2055 lam
221 1999 311 2074 pater
332 2011 382 2053 es:
404 1991 562 2070 dedimus,
584 1993 666 2072 quod
686 1995 785 2053 famae
808 2010 966 2073 opponere
987 1992 1101 2072 possis;

136 2077 207 2138 lura
227 2077 365 2156 parentis
386 2077 499 2154 habes,
519 2083 650 2157 propter
667 2095 717 2136 me
737 2077 883 2136 scriberis
902 2077 1013 2155 heres,

137 2159 287 2238 Legatum
306 2178 395 2219 omne
418 2161 518 2239 capis,
539 2179 680 2220 necnon
703 2166 735 2221 et
757 2159 847 2221 dulce
869 2160 1023 2221 caducum

139 2242 306 2304 Commoda
325 2249 490 2324 praeterea
510 2245 677 2324 iunguntur
697 2243 793 2306 multa
814 2243 953 2324 caducis,

138 2327 173 2387 Si
192 2347 368 2407 numerum,
388 2330 416 2389 si
435 2335 502 2389 tres
523 2329 725 2410 implevero.“
766 2330 848 2391 lustu
869 2329 1002 2405 doloris,
1130 2336 1169 2391 90

11 2466 15 2493 ,
136 2410 289 2491 Naevole,
311 2432 400 2473 causa
420 2414 474 2475 tui.
518 2415 635 2475 Contra
654 2422 757 2475 tamen
777 2413 834 2475 ille
856 2412 930 2494 quid
952 2411 1066 2473 affert?

180 2494 340 2574 „Negligit
361 2503 453 2575 atque
473 2496 563 2558 alium
585 2499 729 2578 bipedem
750 2500 810 2559 sibi
831 2498 954 2578 quaerit
977 2494 1117 2557 asellum.

135 2578 223 2638 Haec
243 2578 302 2639 soli
323 2581 482 2639 commissa
503 2581 560 2640 tibi
581 2580 684 2642 celare
706 2590 877 2661 memento,

135 2661 178 2723 Et
197 2664 309 2723 tacitus
329 2668 450 2722 nostras
470 2665 553 2723 iutra
572 2670 605 2723 te
624 2667 686 2744 lige
708 2665 866 2744 querclas3

134 2745 212 2807 Nam
232 2764 284 2806 res
305 2746 465 2807 mortifera
486 2754 535 2808 est
553 2749 694 2809 inimicus
713 2751 834 2830 pumice
854 2748 940 2809 levis.
1130 2755 1167 2809 95

136 2830 198 2906 Qui
218 2829 309 2891 modo
330 2836 484 2892 secretum
505 2835 715 2913 commiserat,
737 2833 825 2894 ardet
847 2839 880 2893 et
900 2831 984 2910 odit,

136 2913 304 2994 Tamquam
323 2914 532 2996 prodiderim,
554 2917 703 2997 quidquid
725 2920 799 2981 scio.
843 2918 972 2978 Sumere
991 2914 1129 2993 ferrum,

134 2996 232 3061 Fnste
253 3001 375 3079 aperire
399 3008 505 3081 caput,
527 3001 685 3063 caudelam
706 3021 862 3084 apponere
882 2999 975 3061 valvis

133 3081 203 3144 Non
226 3081 355 3145 dubitat.
397 3084 464 3145 Nec
483 3092 660 3146 contemnas
683 3093 734 3147 aut
756 3086 924 3166 despicias,
945 3081 1030 3165 quod

133 3167 192 3227 llis
213 3168 323 3247 opibus
344 3187 508 3248 numquam
529 3188 599 3229 cara
619 3178 669 3231 est
689 3190 807 3230 annona
826 3170 946 3229 veneni.
1112 3177 1172 3230 100

133 3250 217 3329 Ergo
231 3249 361 3311 occulta
380 3258 484 3331 teges,
505 3259 541 3313 ut
559 3256 642 3314 curia
663 3255 775 3337 Martis
797 3250 961 3314 Athenis.“

135 3333 162 3392 0
184 3332 348 3413 Corydon,
368 3335 532 3416 Corydon,
554 3344 708 3398 secretum
731 3336 834 3397 divitis
854 3335 953 3396 ullum

133 3416 212 3476 Esse
231 3419 344 3498 putas?
363 3421 445 3479 servi
463 3426 498 3479 ut
515 3426 652 3500 taceant,
673 3425 809 3482 iumenta
825 3419 1008 3500 loquentur,

133 3498 176 3559 lit
197 3501 280 3561 canis
301 3508 334 3563 ct
353 3509 461 3585 postes
482 3510 693 3568 etmarmora.
738 3504 854 3565 Claude
875 3504 1044 3582 fenestras,
