2530 3900
42 264 45 283 .
148 233 191 297 sa
445 231 482 290 n.
504 186 593 292 rus.
616 227 874 293 musalms

148 399 225 463 lndc
243 399 329 461 facea
350 395 476 477 ardent,
494 392 658 463 veniunta
678 394 751 477 dote
773 398 911 476 sagittw.

148 484 293 545 Libertas
313 484 440 544 emitur:
462 499 564 543 coram
582 479 659 540 licet
676 482 783 543 innuat
803 487 895 559 atque

149 568 328 647 Rescribat,
348 566 438 627 vidua
458 571 524 642 est,
543 562 682 644 locuples
701 583 779 643 quae
797 568 903 645 nupsit
924 585 1023 628 avaro.

192 651 256 712 Gur
276 648 432 712 desiderio
454 644 583 709 Bibulae
604 648 761 709 Sertorius
783 648 896 710 ardet?

148 734 309 794 siveram
330 735 483 810 excutias,
505 730 616 811 ¹iacies,
636 752 699 793 non
719 752 796 795 uuor
816 740 943 796 amatur.

151 818 233 879 'lrcs
253 836 348 896 rugae
368 819 514 895 subeant,
535 823 623 877 etse
645 818 723 878 cutia
744 815 829 877 arida
849 816 949 895 laxet,

149 902 243 963 Fiant
263 902 388 962 obscuri
409 899 519 961 dentes
540 899 683 980 oculique
704 902 854 961 minores:

131 1004 133 1013 ’
151 985 272 1065 Collige
294 983 476 1063 sarcinulas,
499 982 583 1046 dicet
602 983 752 1063 libertus,
773 991 807 1047 ct
827 987 894 1060 exi3

149 1071 211 1131 lam
233 1069 333 1147 gravis
352 1087 387 1128 es
407 1070 496 1129 nobis
518 1075 551 1129 ct
572 1087 666 1150 saepe
687 1070 878 1148 emungeris;
899 1071 948 1129 cri

146 1153 244 1214 Ocius
265 1159 297 1213 et
316 1171 467 1234 propera:
488 1154 571 1212 sicco
592 1155 678 1214 venit
697 1152 795 1215 altera
815 1173 899 1217 naso.

149 1238 274 1297 Interea
295 1235 377 1297 calet
398 1243 431 1297 et
448 1242 558 1313 regnat
580 1238 741 1316 poscitque
762 1239 904 1298 maritum

144 1321 294 1382 Pastores
315 1328 349 1380 et
369 1339 456 1381 ovem
477 1321 660 1380 Canusinam
680 1320 838 1400 ulmosque
858 1319 1017 1382 Falernas.

149 1403 334 1481 Quantulum
355 1406 389 1464 in
409 1405 490 1464 hoc'i
509 1422 623 1484 pueros
644 1422 766 1481 omnes,
788 1402 943 1483 ergastula
962 1411 1043 1482 tota,

149 1487 301 1569 Quodque
319 1488 402 1549 domi
423 1507 485 1548 non
506 1494 556 1548 est
576 1495 610 1549 et
626 1489 722 1548 babet
741 1490 874 1568 vicinus,
897 1496 1024 1549 ematur.

142 1571 260 1633 Mense
283 1572 407 1653 quidem
426 1575 568 1650 brumae,
591 1592 683 1651 quum
703 1574 763 1633 ism
783 1579 937 1634 mercator
956 1573 1045 1633 lason

149 1654 295 1735 Clausus,
318 1662 352 1716 et
372 1658 496 1717 armatis
518 1658 621 1717 obstat
640 1676 710 1717 cusa
729 1654 861 1717 candida
879 1658 996 1735 nautis,

148 1739 287 1801 Grandia
306 1739 458 1801 tolluntur
480 1739 675 1820 crystallina,
696 1743 824 1803 mardma
845 1760 952 1801 rursus
1125 1748 1178 1803 155

147 1824 328 1904 Myrrhina,
350 1824 464 1885 deinde
486 1824 802 1887 adamasnotissimus
823 1832 857 1885 ct
876 1825 1045 1885 Beronices

147 1909 183 1968 ln
204 1909 300 1986 digito
322 1910 422 1969 factus
443 1910 623 1988 pretiosior:
645 1911 727 1969 hunc
749 1908 837 1970 dedit
857 1908 930 1970 olim

145 1993 300 2052 liarbarus
316 1993 469 2069 incestae,
491 1990 578 2051 dedit
597 1993 678 2052 hunc
697 1994 834 2072 Agrippa
854 1993 971 2069 sorori,

149 2075 323 2135 Obsersent
340 2076 393 2134 ubi
408 2076 489 2135 festa
508 2093 594 2135 mero
615 2074 697 2154 pede
717 2077 843 2136 sabbata
862 2095 971 2155 reges,

147 2158 190 2219 Et
204 2164 293 2217 vetus
313 2156 455 2237 indulget
476 2160 600 2221 senibus
621 2156 787 2219 clementia
807 2162 921 2239 porcis.
1128 2167 1179 2222 160

190 2240 323 2302 Nullane
344 2240 383 2301 de
403 2243 498 2303 tantis
518 2243 664 2321 gregibus
683 2244 741 2303 tibi
763 2241 854 2322 digna
874 2242 1020 2304 videtur⁴.l

148 2323 197 2386 Sit
217 2326 371 2403 formosa,
392 2325 523 2405 decens,
545 2324 646 2405 dives,
667 2326 814 2405 fecunda,
836 2333 973 2388 vetustos

145 2411 322 2472 Porticibus
345 2412 487 2493 disponat
508 2431 595 2490 avos,
616 2412 760 2472 intactior
783 2414 866 2473 omni

149 2495 295 2555 Crinibus
316 2497 423 2556 effusis
443 2493 561 2556 bellum
582 2496 746 2557 dirimente
768 2491 898 2574 Sabina,

146 2576 229 2638 Rara
249 2580 311 2637 avis
331 2581 480 2639 interris
496 2580 650 2659 nigroque
667 2579 824 2643 'simillima
845 2598 958 2659 cygno:
1129 2586 1180 2640 165

149 2661 225 2737 Quis
245 2661 328 2721 feret
347 2681 490 2740 uxorem,
512 2664 561 2722 cui
582 2670 725 2724 constant
744 2665 868 2725 omnia?
886 2661 981 2740 malo,

148 2743 235 2805 Malo
257 2745 460 2825 Venusinam,
481 2765 569 2824 quam
589 2753 641 2825 te,
663 2747 810 2808 Cornelia
829 2753 927 2808 mater

141 2829 376 2908 Gracchorum,
396 2832 423 2890 si
442 2850 510 2890 cum
531 2832 648 2908 magnis
667 2833 831 2892 virtutibus
852 2832 945 2892 affers

150 2911 275 2972 Grande
296 2913 495 2993 supercilium
517 2922 550 2975 et
569 2934 714 2975 numeras
731 2917 764 2974 in
786 2915 858 2976 dote
879 2914 1061 2994 triumphos.

150 2994 244 3056 Tolle
260 3002 359 3074 tuum,
380 3017 507 3078 precor,
522 2997 727 3060 Hannibalem
741 3000 915 3078 victumque
930 2998 1104 3078 Syphacem
1128 3006 1179 3061 170

146 3081 182 3140 In
204 3082 328 3158 castris,
351 3088 384 3142 et
405 3102 472 3142 cum
493 3087 559 3143 tota
579 3084 765 3161 Carthagine
786 3083 897 3162 migra!

146 3165 263 3243 Parce,
282 3183 412 3245 precor,
431 3166 548 3245 Paean,
569 3173 603 3227 et
620 3175 656 3227 tu
677 3165 799 3247 depone
821 3167 963 3245 sagittas,

139 3247 200 3309 itii
220 3250 311 3329 pueri
330 3249 463 3328 faciunt,
483 3252 581 3331 ipsam
602 3252 746 3329 configite
767 3251 915 3315 matrem!

147 3332 302 3412 Amphion
323 3332 448 3395 clamat:
469 3334 526 3396 sed
543 3335 647 3395 Paean
665 3334 820 3395 contrabit
841 3354 952 3395 arcum.
1039 3326 1047 3353 “
1104 3384 1108 3393 .

147 3414 268 3478 Extulit
287 3436 363 3497 ergo
383 3436 494 3497 greges
514 3424 655 3480 natorum
675 3421 837 3499 ipsumque
857 3423 1033 3500 parentem,
1128 3428 1180 3486 lib

148 3497 227 3560 lium
247 3502 307 3563 sibi
326 3500 460 3565 nobilior
481 3501 618 3563 latonae
639 3509 731 3583 gente
753 3502 875 3567 videtur
