2542 3900
445 201 645 263 slim
675 200 727 265 vl.
1049 202 1106 305 ι39
1209 239 1213 246 -

71 375 179 451 Dicet,
203 373 271 452 quis
292 367 414 430 viduum
433 374 654 449 pmegnsntem
675 367 804 446 iecerit,
825 375 858 429 et
879 389 940 449 quo
1049 377 1104 435 406

72 459 201 532 Mense;
223 456 336 536 quibus
356 453 457 515 verbis
479 454 660 513 concumbet
680 470 837 532 quaeque,
858 454 957 515 modis
979 462 1063 534 quot.

71 541 241 601 lnstnntem
262 538 332 616 regi
352 537 499 596 Armenio
517 536 694 616 Perthoque
714 543 855 601 cometen
1029 548 1031 553 ·

70 625 177 685 Primo
193 621 297 695 ridet;
317 620 425 680 tamem
446 639 647 700 rumoresque
668 618 723 681 illc
742 628 887 685 recentes

71 708 199 787 Excipit
221 704 401 785 adportes,
424 702 571 783 quosdsm
592 705 675 767 iecit
705 704 770 765 lose
789 704 946 785 Nipbnteu

72 792 109 851 ln
128 788 261 870 populos
279 806 450 867 magnoque
465 787 531 849 illic
553 794 662 849 cuncte
682 807 754 848 ervo
774 792 877 851 teneri
1048 797 1103 851 410

72 872 212 951 Diluvio,
231 879 339 933 nntsre
359 874 470 950 urbes,
492 871 654 933 subsidere
674 877 794 950 terres,

72 958 272 1036 Quocumque
290 958 324 1016 ln
341 957 453 1032 trivio,
474 957 654 1035 cuicumque
674 962 723 1017 est
743 957 847 1035 obvio,
868 962 982 1019 nsrrct.

112 1040 179 1100 Nec
198 1046 299 1100 tumen
318 1039 353 1100 id
372 1041 477 1100 vitium
496 1041 591 1120 mogis
611 1037 827 1117 intolerabile,
848 1059 938 1120 quem
959 1037 1042 1119 quod

71 1124 200 1186 Vicinos
219 1123 353 1185 humiles
374 1141 487 1203 rupere
505 1131 539 1184 et
559 1123 724 1185 concidere
745 1123 821 1187 loris

69 1208 205 1270 Exorata
223 1209 314 1270 solet.
347 1208 424 1268 Nem
444 1209 472 1266 si
491 1205 655 1269 lstrstibus
675 1207 731 1271 ulti
1047 1218 1099 1271 415

68 1291 262 1372 Rumpuntur
283 1293 398 1367 somni,
419 1292 532 1352 Fnstes
553 1293 614 1353 buc
637 1294 737 1371 ocius,
757 1292 873 1372 iuquit,

69 1375 208 1455 Adferte,
230 1381 322 1454 atque
343 1373 409 1435 illis
431 1375 586 1437 domiuum
606 1378 694 1438 iubet
713 1383 785 1439 onte
806 1376 914 1451 feriri,

65 1458 190 1520 Delude
210 1477 325 1520 cenem.
362 1460 472 1520 Gravis
494 1479 638 1538 occursu,
659 1461 820 1521 teterrime
840 1457 925 1521 vultu

68 1541 186 1603 Bulues
205 1549 298 1603 noete
320 1544 420 1617 subit;
442 1545 574 1605 conches
592 1551 626 1604 et
647 1550 747 1607 cestre
767 1544 884 1603 moveri

68 1627 167 1687 Nocte
187 1628 290 1701 iubet3
306 1646 414 1705 mogno
436 1627 549 1707 gaudet
569 1626 682 1689 sudore
699 1625 848 1705 tumultu,
1046 1636 1099 1689 tit)

67 1711 169 1787 Quum
189 1711 300 1770 lossetr
320 1713 404 1790 gravi
423 1710 605 1773 cecideruut
625 1712 751 1773 brechio
772 1730 885 1788 messe,

67 1793 208 1855 collidus
228 1801 261 1855 et
281 1796 392 1856 crirtse
412 1795 525 1874 digitos
545 1796 704 1876 impressit
722 1793 835 1874 aliptes
925 1832 931 1845 ι

66 1879 114 1938 Ac
136 1897 284 1938 summum
304 1877 445 1940 dominre
466 1879 567 1941 femur
589 1875 761 1943 exclamare
780 1878 891 1955 coegit.

29 2010 36 2021 ,
66 1962 222 2022 convivae
242 1963 348 2023 miseri
367 1965 490 2024 intereo
511 1982 679 2044 somnoque
699 1963 843 2041 ismeone

65 2046 241 2124 Urgentnr3
260 2046 386 2107 tandem
405 2047 459 2108 illo
479 2050 565 2109 venit
583 2046 802 2125 rubicunduls,
822 2052 920 2107 totum
1046 2053 1096 2111 425

65 2129 287 2210 Oenopbornm
307 2132 434 2209 sitiens,
455 2130 550 2215 pleno
570 2131 653 2211 quod
671 2132 811 2193 tenditur
831 2149 908 2193 urus

64 2212 233 2274 Admotum
250 2214 399 2294 pedibus,
421 2214 462 2275 de
483 2236 542 2295 quo
565 2218 716 2278 sertorius
736 2216 816 2277 ulter

64 2297 198 2357 Ducitur
214 2304 286 2359 ente
307 2300 424 2378 cibum,
444 2298 582 2362 rubidum
603 2301 740 2361 fecturus
762 2298 894 2372 orexim,

63 2381 146 2441 llum
165 2381 250 2442 redit
270 2388 304 2443 et
321 2383 388 2444 luto
408 2391 526 2445 terrem
546 2384 622 2445 ferit
642 2383 800 2445 intestino.

63 2465 273 2526 Mermoribus
293 2468 352 2527 rivi
373 2474 559 2549 properent,
581 2473 634 2528 sut
652 2465 716 2527 loto
736 2462 903 2526 Falernum
1042 2468 1096 2524 430

62 2547 170 2609 Pelris
192 2548 274 2625 olet3
293 2570 364 2611 num
384 2552 446 2629 sic,
466 2558 620 2632 tumquum
641 2550 702 2612 olto
722 2551 755 2611 in
776 2546 859 2611 dolia
878 2546 988 2624 longus

63 2631 226 2694 Deciderit
246 2652 392 2715 serpens,
414 2637 493 2697 bibit
514 2643 548 2697 et
566 2637 670 2699 vomit.
698 2635 782 2713 Ergo
802 2632 929 2695 maritus

63 2715 199 2776 Nsnsect
221 2725 313 2796 atque
334 2717 430 2779 oculis
450 2718 546 2781 bilem
567 2720 750 2797 substringit
772 2718 899 2797 opertis.

103 2798 163 2860 lllo
183 2808 286 2861 temen
307 2804 445 2881 moion,
467 2822 559 2884 quse,
580 2824 673 2883 quum
690 2802 886 2865 discumbere
907 2800 1025 2881 eoepit,

61 2883 183 2944 Loudot
202 2884 392 2965 Vergilium,
412 2889 570 2967 perituros
590 2889 724 2967 ignoscit
743 2885 879 2962 illisne,
1041 2888 1093 2946 lto

62 2967 236 3029 Gommittit
254 2977 339 3031 retes
361 2978 394 3031 et
415 2978 587 3051 compertu
605 2970 680 3035 iude
701 2972 863 3033 Maronem

61 3050 167 3130 Atque
183 3050 243 3113 olio
262 3061 353 3134 porte
372 3056 406 3116 in
427 3056 544 3116 trutino
562 3053 724 3136 suspendit
743 3055 920 3116 Homerum.

61 3134 188 3195 Cedunt
206 3140 412 3218 grammatici,
431 3142 594 3201 vincuntur
614 3140 774 3217 rhetores,
796 3138 894 3205 omni⁸

62 3217 170 3280 Turbo
189 3226 293 3296 tecet,
313 3240 372 3283 nec
389 3223 575 3301 causidicus,
594 3242 653 3285 nec
671 3241 784 3304 praeco
805 3220 966 3301 loquutur,

59 3300 172 3363 Altera
191 3323 251 3365 nec
272 3304 398 3366 mulier:
419 3312 583 3371 verborum
603 3314 689 3371 nutu
710 3306 793 3368 cudit
811 3308 873 3382 νίας
1039 3311 1092 3365 440

60 3385 125 3446 Tot
145 3389 265 3469 puriter
285 3387 393 3470 pelves
414 3413 449 3453 ec
469 3390 675 3456 tintinnabulo
695 3389 779 3453 dices

59 3469 192 3535 Pulsori.
224 3474 287 3535 lem
306 3492 397 3535 nemo
417 3479 621 3556 iuberetque
642 3494 715 3537 aero
734 3474 861 3552 intiget3
