2530 3900
466 252 666 314 SATIRA
692 253 742 317 ΠΙ.
1077 254 1118 319 15

90 427 151 488 lies
170 427 299 502 angusta
320 419 418 494 domi;
439 420 496 482 sed
516 421 630 482 Romae
652 421 758 481 durior
776 419 839 490 illis
1066 431 1120 486 161

92 511 242 571 Gonatus:
266 524 373 583 magno
394 505 562 585 hospitium
582 503 775 583 miserabile,
796 524 904 584 magno

92 594 258 654 Servorum
279 594 419 668 ventres,
441 595 474 649 et
491 590 574 668 frugi
595 588 725 649 coenula
745 608 862 668 magno.

89 675 255 738 Fictilibus
271 666 406 733 'coenare
426 672 540 753 pudet,
563 672 647 751 quod
667 679 760 754 turpe
780 674 903 753 negavit

93 757 275 821 Translatus
296 760 396 818 subito
419 757 458 817 ad
477 757 599 817 Marsos
618 776 815 836 mensamque
837 757 991 818 Sabellam

94 845 325 921 Contentusque
346 840 414 901 illic
434 848 546 901 veneto
569 840 709 920 duroque
729 840 861 903 cucullo.
1024 906 1027 911 ,
1066 850 1118 904 170

136 927 210 986 Pars
229 946 336 1005 magna
354 924 460 985 ltaliae
482 931 547 1002 est,
567 927 720 986 sinerum
741 925 943 1004 admittimus,
963 927 997 986 in
1018 945 1077 1004 qua

94 1011 188 1072 Nemo
209 1017 309 1089 togam
331 1011 438 1088 sumit,
459 1009 520 1069 nisi
540 1015 687 1070 mortuns.
730 1011 798 1090 ipsa
819 1010 939 1070 dierum

92 1096 253 1156 Festorum
274 1094 410 1155 herboso
431 1091 545 1153 colitur
567 1096 594 1153 si
613 1093 734 1172 quando
753 1095 876 1154 theatro

92 1180 255 1257 Maiestas,
277 1176 465 1255 tandemque
485 1176 571 1236 redit
591 1176 630 1236 ad
649 1176 770 1258 pulpita
788 1185 894 1238 notum
1172 1236 1174 1243 ,

90 1261 257 1340 Exodium,
280 1282 372 1341 quum
390 1278 544 1342 personae
564 1261 712 1341 pallentis
733 1263 849 1323 hiatum
1067 1269 1116 1326 175

90 1348 124 1407 ln
147 1349 264 1425 gremio
285 1348 392 1406 matris
412 1344 560 1404 formidat
580 1348 713 1406 rusticus
735 1347 850 1407 inians:

89 1430 245 1510 Aequales
266 1431 388 1490 babitus
408 1429 476 1490 illic
497 1429 673 1507 similesque
693 1431 812 1491 videbis

90 1515 291 1575 orchestram
310 1521 343 1574 et
364 1514 528 1595 populnm;
551 1512 627 1573 clari
647 1512 797 1575 velamen
808 1515 952 1592 honoris,

91 1599 255 1659 Sufficiunt
273 1601 397 1659 tunicae
419 1599 543 1659 summis
565 1596 728 1660 Aedilibus
750 1598 848 1661 albae.

88 1683 151 1743 Hic
172 1682 255 1742 ultra
274 1684 357 1743 vires
376 1684 500 1741 habitus
521 1683 621 1757 nitor;
640 1684 692 1743 bic
713 1682 828 1761 aliquid
848 1681 932 1763 plus,
1065 1690 1118 1745 180

90 1761 188 1842 Qudm
211 1767 284 1825 satis
305 1773 369 1841 est,
389 1765 545 1826 interdum
565 1765 666 1826 aliena
687 1769 816 1827 sumitur
837 1786 915 1826 arca.

91 1851 261 1910 Commune
282 1849 316 1908 id
336 1851 442 1908 vitium
463 1856 520 1911 est.
562 1852 623 1910 llic
644 1852 768 1912 vivimus
791 1850 949 1909 ambitiosa

90 1934 281 2014 Paupertate
303 1952 417 1994 omnes.
463 1932 543 2010 Quid
561 1943 595 1995 te
616 1936 743 1996 moror?
764 1936 864 1995 omnia
885 1934 999 1994 Romae

90 2018 170 2079 Cum
190 2019 302 2097 pretio.
347 2017 428 2095 Quid
450 2017 503 2078 das
511 2010 576 2096 §ut
597 2021 725 2081 Cossum
747 2017 909 2098 aliquando
930 2014 1068 2079 salutes?

88 2103 134 2163 Ut
154 2107 187 2161 te
207 2103 354 2183 respiciat
376 2102 477 2164 clauso
499 2104 635 2184 VeJento
656 2103 796 2166 labello?
1065 2110 1117 2166 185
1193 2162 1201 2167 .

88 2184 150 2247 llle
170 2188 260 2246 metit
280 2187 429 2265 barbam,
442 2189 562 2247 crinem
582 2189 634 2249 bic
655 2180 783 2270 deponit
804 2190 902 2249 amati.

88 2268 189 2330 Plena
210 2270 316 2330 domus
336 2269 462 2349 Libycis
483 2270 651 2335 venalibus.
694 2275 808 2352 Accipe
830 2277 863 2332 et
882 2270 966 2330 istud

89 2351 371 2415 Fermeutum‘tibi
392 2355 488 2414 habe:
509 2364 668 2436 praestant
687 2358 803 2418 tributa
825 2353 971 2430 clientes3

91 2439 239 2518 Cogimur
261 2444 294 2498 et
313 2435 408 2497 cultis
429 2457 542 2517 augere
562 2441 683 2520 peculia
704 2441 809 2502 servis.
983 2490 986 2498 .

135 2525 210 2599 Quis
230 2524 320 2582 timet
341 2527 392 2580 aut
413 2523 514 2582 timuit
533 2523 635 2602 gelida
656 2526 826 2586 Praeneste
847 2522 981 2601 ruinam,
1065 2529 1117 2584 190

89 2610 156 2669 Aut
173 2608 284 2688 positis
305 2624 468 2666 nemorosa
488 2608 571 2668 inter
590 2611 662 2688 iuga
678 2609 842 2686 Volsiniis,
864 2613 916 2667 aut

89 2690 289 2772 Simplicibus
311 2690 434 2769 Gabiis,
458 2697 509 2752 aut
528 2696 620 2772 proni
643 2694 769 2754 Tiburis
790 2692 885 2752 arce?

14 2796 16 2807 ’
87 2774 154 2836 Nos
176 2776 285 2835 urbem
306 2774 431 2834 colimus
451 2779 538 2836 tenui
556 2778 684 2837 tibicine
704 2776 813 2838 fultam

69 2861 205 2939 ‚Magna
225 2865 315 2940 parte
337 2860 400 2934 sui3
425 2879 494 2920 nam
515 2861 560 2921 sic
580 2860 756 2923 labentibus
779 2862 880 2920 obstat

87 2943 223 3008 Villicus
243 2948 292 3021 et,
313 2944 429 3003 veteris
448 2946 545 3005 rimae
567 2948 703 3006 contexit
724 2947 861 3021 hiatum,
1067 2950 1118 3006 195

90 3029 226 3089 Securos
247 3026 405 3111 pendente
425 3029 513 3088 iubet
531 3028 667 3091 dormire
685 3031 783 3090 ruina.

87 3110 264 3176 Vivendum
287 3110 439 3191 estillic,
461 3114 514 3172 nbi
532 3112 618 3174 nulla
637 3112 796 3190 incendia,
818 3109 898 3173 nulli

87 3197 190 3258 Nocte
210 3202 319 3256 metus.
359 3196 421 3256 lam
441 3199 543 3277 poscit
563 3218 686 3278 aquam,
709 3200 768 3258 iam
789 3196 900 3257 frivola
920 3195 1070 3257 transfert

87 3280 267 3359 Ucalegon,
288 3278 423 3340 tabulata
444 3282 503 3341 tibi
519 3284 579 3342 iam
599 3284 694 3342 tertia
714 3283 847 3341 fumant:

87 3363 134 3426 'l'n
155 3366 276 3438 nescis3
297 3365 412 3423 namsi
435 3365 578 3443 gradibus
598 3365 774 3447 trepidatur
796 3367 834 3424 ab
854 3365 939 3442 imis,
1053 3367 1121 3423 loo

85 3449 224 3511 Ultimus
246 3446 384 3525 ardebit,
407 3468 497 3526 quem
517 3449 621 3527 tegula
642 3449 707 3510 sola
727 3454 832 3509 tuetur

85 3537 116 3596 A
139 3532 261 3617 pluvia,
282 3530 394 3593 molles
413 3533 466 3592 ubi
487 3531 623 3617 reddunt
644 3553 699 3593 ova
720 3531 885 3593 columbae.
