2530 3900
495 203 621 256 vstitu
637 201 823 255 immotus.
1149 222 1177 261 nr

146 360 250 411 reparas
268 356 290 392 s.
310 343 430 408 interrog.
447 367 483 381 -
500 357 526 392 v.
544 338 599 392 914
615 340 764 393 eusimio·
780 341 864 405 mso's
880 342 978 403 arrisit,
995 356 1073 405 quam
1090 345 1177 393 aab

147 416 233 465 datar.
259 438 296 451 -
318 427 344 463 v.
362 409 414 464 236
430 411 589 476 Arclipeaea
605 425 663 459 cum
679 409 796 474 plurimis
817 410 909 473 scripsi
926 411 1074 464 editoribus.
1092 437 1128 451 ·-
1148 428 1176 465 r.

146 480 198 534 937
216 489 244 532 ct
261 488 373 530 sectum
390 481 475 545 recepi
493 488 619 542 tamqnam
637 477 769 529 lectionem
793 478 904 527 cmuium
921 478 975 529 iera
992 480 1124 535 librorum.
1140 508 1178 520 -

145 568 172 601 v.
188 548 241 602 238
256 556 330 611 pacet
346 557 369 599 et
384 548 521 599 tenentium
539 548 691 598 wimari.
710 573 745 585 -
761 562 786 596 v.
799 544 849 597 751
863 548 949 610 apitat.
968 550 996 599 ln
1007 550 1094 600 multis
1106 549 1178 600 libris

147 622 274 684 scriptum
291 618 397 683 legimus
415 619 502 683 apitet.
527 644 563 655 -
584 632 609 666 v.
628 612 681 666 953
696 623 756 681 post
772 629 837 665 aeaut
853 615 1057 682 interrogationis
1074 620 1176 684 signum

147 703 244 754 ponere
262 687 345 736 malui.
364 714 400 726 -
419 703 444 735 v.
462 682 514 738 267
528 686 604 751 petati
619 699 665 750 pra
682 684 786 750 vulgata
800 692 882 748 pcmat
904 684 931 734 in
948 693 1045 741 textum
1061 688 1175 753 reposui.

146 783 184 795 -
203 773 227 805 v.
246 754 296 808 770
314 754 408 808 Tana.
424 794 432 808 .
451 794 458 808 .
477 764 534 806 tuac
551 755 652 804 retinui.
669 778 705 791 -
727 770 754 803 v.
772 750 824 806 276
844 769 953 804 cttrruaa
970 758 1077 807 servavi.
1095 772 1175 806 ·-.v.

148 822 201 878 uit
214 833 270 890 pact
283 827 377 875 lecture
390 827 482 889 recepi.
495 851 531 863 —
543 841 569 874 v.
583 819 636 873 280
648 823 698 881 dic,
716 822 865 884 Quintiliane
877 824 987 874 scribere
1000 826 1086 886 malui,
1099 839 1176 889 quam

148 894 195 943 liic.
218 920 253 932 -
274 911 300 946 v.
318 892 372 946 988
393 893 507 944 sinebam
523 891 718 959 praeferendum
740 892 850 943 iudicavi
873 893 997 958 singulari
1017 895 1122 944 urebat
1139 920 1176 934 ·-

148 979 174 1014 r.
191 959 242 1014 307
259 965 381 1013 catiacus
397 964 501 1013 retineri
517 962 608 1027 potuit.
631 987 667 1001 -ι-
689 976 714 1010 v.
731 957 785 1014 310
801 963 910 1011 ululante
927 962 1026 1026 Priapo
1043 964 1175 1012 restituen-

148 1032 205 1082 dum
240 1033 308 1081 utari
325 1047 372 1097 pro
389 1033 531 1096 ululantque
547 1031 649 1092 Priapi.
666 1054 702 1067 ·-
718 1045 743 1079 v.
761 1027 814 1081 390
831 1031 962 1092 masella.
989 1031 1042 1081 Alii
1055 1029 1173 1094 Saufeia.

146 1116 170 1152 v.
183 1047 237 1151 379
250 1109 311 1165 post
327 1102 446 1151 ancras
463 1101 564 1151 adimer
579 1113 678 1149 comma
694 1099 780 1162 posui,
797 1099 947 1163 particulam
965 1102 989 1151 ci
1005 1100 1175 1166 supplendam

98 1226 105 1235 1
144 1177 221 1223 ratus.
232 1196 269 1208 —
280 1185 305 1224 v.
318 1168 371 1221 332
387 1170 468 1220 veriet
481 1171 574 1234 recepi,
591 1182 642 1218 nou
653 1169 720 1217 uertit
735 1175 768 1218 et.
781 1194 818 1206 —
829 1184 854 1221 v.
866 1166 919 1220 303
931 1168 984 1233 Ao,
997 1172 1063 1220 uelat
1074 1169 1174 1234 scripsi,

143 1253 194 1287 non
211 1238 257 1288 Ac.
275 1264 311 1276 -
327 1254 353 1288 v.
366 1236 419 1290 305
435 1246 553 1302 reputant
569 1253 616 1303 pro
633 1244 742 1300 reputat·
760 1256 796 1275 ...
813 1253 839 1289 v.
852 1234 905 1289 383
915 1238 1066 1303 Hedymeles
1082 1252 1176 1302 operat

144 1307 221 1359 dedit.
247 1308 380 1357 Pauciores
397 1307 455 1357 libri
472 1323 582 1371 oparata
599 1331 635 1344 -
652 1322 677 1355 v.
695 1303 747 1370 380
765 1306 822 1357 aaa
836 1307 914 1370 sarrs
929 1322 975 1373 pro
992 1307 1029 1358 Et
1040 1309 1117 1371 sarra
1134 1323 1175 1359 te·

142 1376 222 1425 stitui.
236 1403 273 1415 —
282 1392 309 1427 r.
322 1373 374 1428 399
387 1378 470 1439 possit
481 1392 554 1441 quom
566 1376 652 1440 plnres
668 1384 697 1424 ut
710 1375 809 1425 videtur
826 1375 883 1426 libri
900 1383 1008 1438 tuentur,
1026 1392 1102 1440 quam
1113 1392 1175 1440 pos·

142 1445 176 1495 tit
193 1461 268 1509 quae.
286 1471 321 1482 —
338 1461 363 1495 v.
383 1444 436 1496 404
452 1447 592 1509 decipiatur
609 1459 660 1495 uon
677 1444 812 1507 diripiatur
826 1447 919 1511 recepi.
937 1472 973 1485 -
988 1463 1013 1496 v.
1033 1445 1085 1501 413
1102 1461 1176 1511 quam
1219 1452 1226 1465 '

143 1514 218 1577 quad.
243 1513 317 1563 llautl
334 1514 502 1579 aspernabilis
520 1523 559 1565 est
576 1514 654 1564 lectio
670 1529 743 1578 quatu
759 1528 833 1578 puae.
848 1540 884 1553 -
903 1531 927 1567 v.
944 1513 997 1567 499
1015 1523 1041 1566 et
1055 1517 1106 1567 luta
1123 1523 1174 1566 ter·

142 1597 197 1632 ram
215 1583 255 1632 vel
273 1590 300 1633 et
316 1590 410 1633 terram
426 1585 476 1634 lato
488 1584 630 1650 legentium
647 1582 792 1645 vilebatur,
810 1598 862 1634 non
878 1587 937 1637 lata.
958 1611 995 1623 —
1017 1601 1043 1635 v.
1061 1583 1115 1636 430
1131 1590 1176 1635 aut

143 1654 198 1701 lata
214 1655 331 1701 revocavi
354 1654 381 1702 in
403 1651 488 1702 locum
510 1653 629 1719 vulgatae
651 1659 752 1703 wata-
776 1678 812 1691 -
834 1668 860 1703 v.
877 1650 930 1704 439
951 1657 1070 1719 loquatur
1090 1655 1174 1719 magia

141 1719 247 1784 placuit,
266 1735 342 1783 quam
357 1723 484 1787 laquem,
502 1721 628 1772 licethoc
644 1737 744 1784 quoquc
761 1721 831 1771 haud
853 1723 1018 1788 improbabile
1035 1725 1077 1774 sit.
1094 1749 1131 1763 ·-
1147 1738 1174 1774 v.

142 1785 194 1839 441
213 1804 245 1837 aa
261 1790 432 1839 tintimabuta.
460 1792 513 1840 Alii
528 1790 587 1841 libri
600 1799 639 1849 et,
657 1791 780 1843 editiones
796 1790 933 1854 pleraeque
950 1799 993 1841 tat.
1017 1819 1053 1831 -
1075 1808 1102 1842 v.
1120 1790 1174 1845 449

135 1864 221 1923 ⁴atquc
239 1872 312 1908 aera.
335 1858 459 1908 Plurimos
471 1856 578 1909 'secutus
595 1874 653 1913 snm
671 1859 780 1909 codices.
804 1858 889 1924 Vulgo
905 1873 973 1908 nemo
988 1861 1119 1924 repetitur.
1137 1885 1174 1899 —-

143 1939 170 1976 v.
189 1922 243 1976 404
259 1927 359 1975 ueniat
374 1926 424 1976 lota
441 1927 482 1978 val
499 1930 551 1979 lata
567 1931 664 1979 uniunt
681 1944 697 1979 e
713 1927 842 1978 codicibus
860 1928 1021 1979 scribendum
1038 1936 1103 1988 erat,
1122 1943 1174 1981 nou

144 1995 237 2052 aazia,
256 1996 325 2057 quod
342 1997 541 2047 emendationem
559 1999 636 2062 sapit.
653 2023 689 2036 -
705 2014 730 2049 v.
749 1993 803 2049 479
816 1998 926 2062 stapellia
944 2006 968 2047 et
982 2000 1083 2064 stapello
1101 2013 1173 2063 repa·

140 2062 205 2112 ritur
221 2062 337 2116 intisS.
359 2091 395 2104 —-
416 2081 440 2116 v.
459 2064 512 2118 483
528 2066 565 2117 Et
582 2068 690 2117 caedem
706 2067 824 2117 revocavi
839 2081 887 2132 pro
903 2067 940 2117 Εἰ
955 2069 1051 2126 caetu,
1070 2068 1140 2130 quot
1156 2081 1172 2116 a

45 2157 49 2162 -
139 2130 259 2196 plurimis
276 2134 407 2199 scribitur,
431 2144 456 2186 ot
473 2137 501 2185 in
517 2137 681 2198 sequentibus
705 2143 838 2187 transacta
855 2151 902 2201 pro
919 2145 1075 2191 mamma
1093 2162 1129 2175 -
1145 2152 1171 2189 v.

140 2198 195 2252 480
203 2201 357 2265 Profecturus
368 2204 438 2253 dama
449 2204 531 2254 multo
542 2205 625 2270 magis
635 2207 817 2255 incantantum
826 2206 903 2266 cadit,
915 2221 993 2268 quam
1000 2207 1173 2270 Praefectura

141 2269 236 2335 aomo,
252 2272 321 2332 quoa
334 2274 408 2321 matri
424 2287 516 2323 caussa
532 2274 695 2327 inaruerunt.
706 2300 742 2313 ·-
754 2290 779 2328 v.
793 2271 846 2326 490
863 2275 988 2338 aarum
1003 2277 1103 2339 scripsi,
1118 2276 1172 2326 ‹lis-

141 2340 253 2389 sentiens
271 2352 287 2388 a
303 2340 398 2401 multis,
417 2343 460 2403 qui
477 2343 594 2406 1105043
606 2344 724 2395 scribunt.
738 2369 773 2382 —
787 2359 812 2393 u.
824 2339 876 2394 491
894 2344 970 2394 Nuda
984 2343 1097 2394 imeras
1114 2345 1173 2408 pln-

140 2408 213 2457 ribus
230 2415 258 2457 ut
270 2409 370 2459 videtur
386 2410 456 2459 libris
472 2410 585 2471 fulcitur,
598 2427 675 2474 quam
687 2412 796 2463 Maera.
808 2437 844 2450 -
861 2428 887 2461 v.
901 2412 952 2464 501
970 2415 1034 2462 tanti
1049 2418 1095 2464 ert.
1114 2413 1171 2465 Pta-

139 2477 214 2538 rique
231 2483 302 2526 tanta
315 2486 362 2528 cst.
377 2506 413 2517 —
427 2495 453 2531 v.
467 2477 519 2531 509
535 2481 648 2531 dativum
663 2484 752 2533 marita
764 2481 881 2532 substitui
892 2496 938 2546 pro
951 2482 1063 2548 genitivo
1077 2484 1169 2532 masiti.

139 2569 175 2584 -
191 2561 216 2597 v.
234 2543 287 2596 514
303 2555 387 2609 sorpta.
406 2548 457 2597 Alii
475 2556 561 2612 rapta.
575 2575 611 2588 -·
622 2567 647 2601 v.
662 2550 713 2603 519
729 2559 827 2602 setam
845 2551 944 2616 scripsi,
961 2567 1012 2603 nou
1028 2559 1120 2603 usam.
1136 2578 1171 2611 -,-

140 2629 167 2666 v.
185 2612 238 2665 524
259 2617 402 2666 Vorticibus
418 2626 505 2681 utputa
522 2619 650 2681 antiquam
668 2622 817 2686 scripturam
834 2622 944 2671 servavi.
959 2647 994 2660 -
1012 2637 1039 2672 v.
1053 2619 1110 2674 ,527
1128 2637 1171 2671 ca·

139 2682 241 2749 Mopse
264 2693 418 2735 commutare
443 2687 513 2737 nolui
538 2703 596 2737 cum
618 2691 763 2741 accusativo
785 2690 940 2755 calidusque.
962 2716 997 2727 -
1019 2705 1045 2739 v.
1065 2687 1117 2741 531
1135 2693 1171 2741 la·

140 2759 258 2816 quantur.
287 2754 480 2806 Coniunctisum
502 2756 561 2807 licat
584 2766 728 2809 cunctanter
748 2759 859 2823 praetuli
874 2761 1010 2810 indicativo
1027 2762 1169 2825 laqmmtcr.

138 2846 174 2860 ·-
185 2836 212 2871 v.
225 2820 279 2875 533
295 2826 399 2888 liuiperc
416 2839 474 2875 cum
490 2825 617 2890 plerisque
635 2829 770 2892 anteposui
785 2828 888 2879 lectioni
899 2829 1021 2894 laaipcrc.
1031 2854 1067 2868 -
1079 2846 1104 2883 v.
1118 2824 1170 2881 537

139 2890 258 2943 marco.
286 2892 425 2959 volgatam
442 2896 576 2958 anteposui
598 2896 699 2946 lectioni
716 2897 835 2949 cadamo.
862 2897 936 2947 Multi
959 2912 1059 2953 versum
1076 2905 1170 2963 puncto

139 2958 266 3012 tuleram.
285 2988 320 3000 -
337 2979 363 3013 v.
384 2961 435 3013 541
452 2977 564 3027 popano.
590 2965 620 3015 Iu
636 2966 723 3016 multis
739 2966 810 3017 libris
830 2974 912 3029 exstat
930 2968 1055 3033 scriptura
1068 2981 1170 3032 pepaaa

139 3026 181 3076 vel
196 3043 303 3093 peponc.
320 3056 355 3070 -
371 3047 397 3082 v.
411 3029 463 3084 540
479 3041 538 3098 pust
549 3037 656 3096 parciora
673 3035 811 3086 semicolon
829 3037 915 3099 posui.
934 3064 971 3076 -
987 3052 1013 3088 v.
1026 3036 1077 3089 551
1095 3040 1170 3086 sima·

138 3102 182 3146 tur
198 3104 230 3146 et.
248 3099 333 3150 Multis
353 3100 468 3151 futurum
483 3103 612 3153 rimabitur
641 3105 721 3155 ratius
734 3112 781 3156 est.
793 3130 829 3144 -
842 3121 866 3157 v.
881 3103 934 3157 554
951 3121 968 3155 a
983 3106 1069 3168 fronte
1086 3106 1170 3168 aptius

140 3166 280 3232 sitiebatur,
299 3184 375 3231 quam
393 3186 411 3218 a
425 3171 506 3233 sorite.
519 3196 555 3211 -
567 3188 592 3222 v.
672 3174 739 3235 [idea
756 3175 829 3225 artis.
847 3173 994 3225 Multilibri
1012 3177 1072 3225 arti.
1091 3198 1127 3209 -
1141 3188 1168 3225 v.

137 3231 188 3286 581
203 3235 338 3290 Petosiris.
356 3237 461 3289 Plurimi
475 3240 575 3291 codices
591 3242 705 3293 scribunt
716 3242 858 3307 Petasprio.
876 3268 913 3281 ·-
931 3260 956 3294 v.
974 3240 1028 3294 589
1043 3248 1169 3307 utriusque

137 3305 235 3354 restitui
251 3320 299 3369 pro
313 3309 486 3371 utrinqu&-
497 3323 520 3363 v.
531 3306 581 3361 585
595 3311 675 3361 dabit.
694 3311 819 3361 Pluralam
836 3312 931 3363 dabira
940 3309 1094 3363 emendatori
1112 3327 1168 3361 ora·

138 3371 243 3423 ‹liderim
259 3375 355 3424 deberi.
373 3375 461 3426 Altera
475 3379 590 3429 codicum
601 3394 662 3443 pars
674 3388 699 3430 et
707 3380 796 3441 latua,
810 3380 890 3430 altars
900 3389 926 3432 st
939 3382 1006 3430 inde.
1019 3404 1054 3417 -
1067 3395 1093 3431 v.
1105 3377 1168 3431 004.

136 3439 278 3508 Vulgarem
286 3444 379 3493 retinui
392 3445 577 3499 distinctionem
592 3449 657 3497 inter
666 3450 800 3510 Pontifices
812 3457 837 3497 ct
848 3448 941 3498 Salios.
953 3473 987 3485 -·
996 3462 1022 3495 v.
1031 3443 1083 3498 009
1093 3456 1168 3511 atqua

135 3522 196 3561 suar
212 3512 304 3562 reduxi
320 3526 368 3576 pro
385 3520 459 3578 utque
475 3529 588 3568 ενοι-
602 3532 629 3569 v.
637 3512 688 3567 011
707 3517 814 3567 calm
833 3516 889 3567 Non
906 3514 982 3578 pauci
1001 3513 1059 3564 libri
1074 3517 1167 3566 caltu-
