2530 3900
66 200 105 238 ¹11
421 182 546 236 VARIAE
563 180 747 235 mumanae.

65 325 162 376 hiatum
178 328 368 389 praecaverent,
393 335 441 371 sua
457 322 606 372 sementare
622 328 666 370 551
682 321 815 372 Dolabella
831 329 928 372 551551
945 322 1093 374 Dolabellae

66 402 141 460 atque
158 394 253 443 debinc.
276 418 312 430 -
333 406 358 442 v.
379 389 430 443 106
448 393 530 440 maius
549 391 717 440 distinctionis
734 392 835 456 signum
853 400 911 456 post
934 393 1030 443 Verres
1048 395 1093 443 de.

65 463 125 513 levi.
146 488 181 500 -
197 478 222 514 v.
242 457 292 513 107
311 459 412 510 Occulta
428 462 509 523 spella
526 459 618 508 5511551
623 476 630 518 ;
650 461 723 510 metri
740 474 830 509 555555
845 461 1001 510 inseruerunt
1018 463 1094 511 multi

65 531 215 597 particulam
232 538 270 591 51,
288 529 357 591 quod
372 544 422 578 non
437 530 501 579 adeo
516 542 620 578 necesse
635 537 747 578 5151.-
763 545 787 579 v.
806 527 857 581 109
874 529 984 579 futurum
1002 533 1093 594 eripie-

65 608 108 650 tur
125 602 258 664 anteposui
275 599 430 648 coniunctivo
448 600 578 660 eripiatur.
600 624 637 636 -ν
661 614 684 647 5.
703 595 755 649 113
775 599 895 648 fluctuabt
911 600 1010 648 codices
1028 602 1093 650 inter

66 668 205 720 Gorinlienn
221 677 245 718 ct
260 667 402 717 Corinthon.
427 691 462 706 —-
483 665 579 719 5123
599 667 710 716 futurum
727 669 852 733 relinques
870 667 1048 735 multomagis
1066 670 1093 718 in

65 745 209 788 contextum
226 736 348 801 quadrare
363 735 503 802 videbatur,
518 751 593 798 quam
610 738 771 802 participium
783 739 933 802 relinquens.
948 762 984 775 -—·
998 754 1023 787 v.
1041 735 1093 789 124

63 808 148 856 mana
163 806 223 870 legi,
238 821 288 855 non
303 805 459 870 15551555-
468 821 493 855 5.
504 804 554 856 195
571 807 662 857 5511551
676 807 792 868 equidem
803 822 885 855 oerum
899 807 1008 859 05511115.
1027 806 1093 856 Aliis

65 875 149 941 magis
173 876 298 924 arridebat
318 888 402 922 ceram
424 881 471 923 551.
494 874 604 925 Credite.
626 901 662 913 -·
682 891 708 926 v.
728 871 778 927 135
795 876 918 925 dissident
936 876 994 924 libri
1010 873 1092 934 MSS„

66 943 110 993 alii
127 944 193 993 enim
210 944 325 1002 ambitae,
344 942 388 990 alii
406 942 511 992 55111115.
529 969 564 982 -
579 941 674 1002 5.,147
692 946 860 1006 Damasippem
878 944 919 992 hic
936 951 964 993 ut
982 943 1090 993 151555.

66 1010 127 1064 151.
150 1009 199 1065 167
217 1011 325 1075 scripsit
343 1010 399 1060 Non
421 1011 496 1076 plane
518 1014 660 1077 spernenda
684 1021 722 1063 est
741 1015 863 1078 scriptura
887 1012 1039 1063 Lateranus.
1057 1038 1093 1050 -·

64 1096 90 1132 v.
107 1078 158 1133 148
173 1082 217 1131 5111
231 1080 290 1130 11151
306 1081 474 1145 compositum
489 1083 631 1147 5551515911,
646 1082 691 1131 5111
707 1080 815 1146 simplex
827 1084 934 1146 atninqit.
949 1108 985 1119 -
998 1097 1024 1130 5.
1041 1078 1092 1131 152

65 1152 192 1200 variantes
209 1157 266 1198 5551
283 1164 409 1214 numquam
423 1158 448 1199 et
459 1165 586 1215 nmquam.
602 1177 638 1189 -·
649 1167 675 1202 v.
692 1150 742 1202 155
759 1159 897 1215 ternumque
914 1153 1092 1200 1555555555-

64 1221 133 1284 oepi;
156 1217 253 1283 placuit
275 1219 331 1267 aliis
353 1220 492 1283 rosaeque.
514 1243 551 1256 -*
570 1236 595 1271 v.
614 1217 664 1270 157
679 1219 763 1270 Solam
782 1221 922 1283 Hipponem
939 1220 979 1270 vel
995 1220 1092 1281 Hippo·

63 1304 120 1338 nam
137 1288 205 1336 nude
226 1301 284 1336 cum
305 1287 433 1337 codicibus
451 1289 561 1337 scribere
578 1289 657 1337 satius
679 1290 756 1347 duxi,
780 1302 856 1350 quam
877 1304 934 1337 cum
953 1289 1092 1338 editoribus

63 1356 148 1407 651555
165 1356 283 1418 Eponam.
302 1381 338 1394 -—
353 1371 378 1406 v.
395 1354 446 1407 166
464 1357 553 1406 modus
571 1358 665 1407 variat:
685 1358 728 1407 alii
745 1357 801 1407 libri
819 1365 969 1417 resecentur,
991 1357 1092 1406 511155-

63 1433 189 1476 secantur.
206 1451 241 1462 -
258 1441 284 1475 v.
302 1422 353 1478 174
369 1440 415 1489 pro
433 1432 496 1476 51..
513 1441 545 1474 aa
562 1427 724 1476 e-codicibus
741 1427 797 1490 pari
812 1427 867 1475 iure
884 1427 993 1475 scribere
1008 1426 1093 1475 licebit

64 1501 110 1544 551
126 1530 133 1544 .
151 1531 157 1544 .
178 1501 229 1544 mat.
246 1519 282 1531 -—
298 1508 324 1545 v.
345 1491 396 1544 190
414 1497 549 1545 1555555115
565 1509 622 1543 cum
640 1495 755 1559 plurimis
771 1497 863 1559 recepi.
881 1520 916 1533 -—
932 1511 956 1544 v.
978 1491 1030 1546 194
1046 1509 1092 1543 55-

64 1578 123 1613 men
145 1564 276 1627 proprium
300 1563 366 1614 Celsi
388 1565 539 1614 servandum
561 1564 713 1614 existimavi.
738 1589 774 1602 -
797 1580 821 1613 v.
843 1561 892 1614 195
915 1565 1092 1628 imperativum

62 1647 128 1695 ponc
145 1638 300 1681 commutare
317 1631 387 1681 nolui
404 1633 527 1682 infinitivo
542 1635 611 1694 ponti.
630 1661 665 1671 -
682 1649 706 1686 v.
726 1630 777 1684 198
793 1635 876 1682 nimae
893 1649 950 1682 cum
965 1633 1092 1697 plerisque

65 1702 205 1753 editoribus
222 1701 323 1765 scripsi.
359 1699 917 1766 1155515555555555555511556555155,
943 1716 1018 1764 quam
1033 1715 1091 1765 per-

63 1769 138 1819 multi
155 1769 261 1819 offeruet
275 1770 383 1819 codices.
399 1795 434 1808 —-
449 1786 475 1821 v.
490 1767 540 1820 199
555 1771 688 1820 lectionem
705 1777 730 1820 51
741 1772 793 1820 11115
807 1786 885 1834 quum
898 1771 1022 1820 editoruin
1037 1777 1090 1817 tum

65 1840 180 1889 codicum
199 1840 333 1889 5551551155
351 1846 444 1888 155155.
461 1866 497 1881 -
513 1855 539 1889 5.
556 1837 609 1888 900
627 1841 727 1890 diversa
745 1847 782 1888 551
798 1841 867 1904 apud
885 1841 999 1890 diversos
1016 1851 1091 1887 voca-

63 1907 117 1958 buli
133 1910 282 1958 minnillonio
299 1908 432 1971 scriptura.
448 1933 484 1947 --
501 1922 525 1957 v.
541 1905 593 1956 902
608 1910 764 1958 restituenda
778 1909 910 1975 videbatur
926 1916 1022 1955 tautum
1041 1921 1092 1955 non

65 1977 177 2026 omnium
195 1977 316 2025 librorum
333 1976 406 2024 lectio
424 1983 449 2025 51
466 1977 574 2025 damat-
594 1976 717 2026 11551115
732 1977 852 2039 scriptum
866 1982 904 2023 eet
920 1975 967 2023 sed
980 1975 1090 2026 51555151.

64 2060 134 2095 -5.
145 2042 197 2096 203
212 2059 263 2094 555
279 2043 427 2107 displicebat
443 2044 517 2103 mibi,
536 2045 606 2106 quod
622 2046 736 2109 plerique
750 2045 850 2094 codices
867 2043 1001 2108 praebent,
1018 2042 1092 2105 sren-

64 2121 125 2174 1515,
144 2114 225 2164 151555
239 2120 333 2176 tamen,
350 2112 480 2178 vulgatam
492 2115 585 2177 faeiem
600 2115 644 2163 vix
658 2115 805 2165 deteriorem
819 2126 882 2161 5555.
898 2138 932 2149 -
946 2127 970 2160 5.
986 2108 1039 2160 204
1055 2113 1092 2160 51-

65 2182 143 2232 55515
160 2184 244 2248 magia
260 2182 370 2247 placuit,
388 2197 463 2245 quam
480 2183 582 2232 1155515.
600 2207 636 2221 -
654 2200 677 2234 v.
697 2182 747 2233 921
770 2184 904 2246 Verginiam
921 2181 1012 2245 scripsi
1034 2194 1092 2230 cum

66 2250 167 2301 Orellio.
186 2277 222 2301 r·-
239 2267 264 2303 v.
282 2249 334 2301 223
351 2266 402 2301 555
419 2252 538 2316 adoptavi
555 2252 675 2318 Madvigii
691 2251 782 2316 Opusc.
798 2252 878 2301 Acad.
897 2250 924 2299 T.
944 2251 975 2302 II.
992 2264 1019 2314 p.
1041 2247 1092 2301 199

65 2321 265 2370 emendationem
284 2320 363 2382 Quod.
381 2346 415 2357 —·
432 2337 457 2370 5.
474 2317 529 2371 994
544 2321 592 2370 bae
609 2329 667 2370 5551
684 2321 784 2370 retinui.
807 2345 843 2357 -—
862 2336 886 2370 5.
907 2318 958 2370 295
975 2319 1092 2381 equidem

65 2404 123 2439 cum
139 2388 228 2440 Orellio
243 2392 310 2440 solta
325 2390 445 2454 reposui,
466 2404 619 2452 quamquam
635 2390 705 2439 haud
722 2390 881 2453 negaverim,
899 2395 978 2437 55515
991 2402 1092 2450 quoquc

64 2458 198 2523 probabile
215 2474 280 2510 esse.
304 2485 339 2496 -
359 2474 385 2508 v.
402 2455 453 2509 296
472 2460 614 2522 Graiaeque
631 2459 736 2517 retinui,
759 2459 891 2522 reprobata
909 2458 1091 2521 1555555955-

64 2534 162 2592 laeqne.
175 2554 209 2567 -
226 2544 250 2578 5.
268 2524 444 2578 eae-Graecas
456 2528 586 2577 nominum
600 2529 738 2591 scripturas
754 2527 780 2574 iu
796 2535 893 2575 textum
908 2527 1020 2589 recipere
1037 2539 1091 2574 ma-

62 2593 108 2648 lui.
126 2595 260 2646 Praeterea
278 2612 293 2645 e
308 2596 395 2659 multis
414 2597 543 2646 codicibus
557 2610 603 2659 pro
620 2611 666 2646 555
683 2597 780 2645 restitui
798 2602 831 2644 15.
850 2622 885 2633 -
901 2610 926 2644 5.
945 2591 998 2646 986
1012 2608 1091 2656 para-

62 2666 110 2715 5115
124 2667 233 2726 servavi,
252 2671 337 2730 spreto
353 2666 480 2729 praesenti
493 2666 603 2727 5555115.
620 2690 655 2702 -·
671 2681 696 2715 v.
710 2662 762 2716 269
776 2667 802 2713 15
819 2666 883 2713 omni
894 2670 968 2728 pente
982 2664 1093 2728 genuina

62 2733 125 2782 mihi
145 2733 278 2785 videbatur
295 2748 351 2797 esse
369 2733 458 2793 lectio,
475 2749 527 2783 non
543 2734 568 2782 in
586 2735 650 2783 mmi
664 2740 753 2784 monte.
776 2760 810 2769 -
832 2749 856 2783 v.
874 2730 924 2782 241
941 2732 1091 2797 particulam

63 2817 96 2851 ac
111 2804 221 2855 servavi.
235 2829 271 2841 -
286 2798 457 2865 antepone
474 2803 569 2853 Latina
585 2803 747 2869 scribendum
762 2800 867 2866 putavi,
884 2816 936 2851 non
949 2800 1021 2862 plebe
1038 2801 1092 2849 La·

62 2873 125 2923 1155.
142 2896 178 2910 ·-
194 2888 219 2921 v.
238 2868 290 2922 958
308 2872 431 2935 potiorem
446 2872 509 2922 duxi
524 2872 657 2921 lectionem
675 2886 747 2936 55551
763 2872 813 2936 qui.
829 2897 864 2909 -
883 2887 906 2919 v.
925 2868 976 2921 265
997 2869 1091 2919 116551-

62 2955 118 2989 natn
136 2941 156 2990 i.
176 2955 198 2989 c.
216 2941 322 2989 fluvium
339 2942 439 2990 retinui.
462 2967 498 2979 -
519 2956 544 2990 5.
566 2937 618 2992 266
637 2941 726 2991 adami
743 2940 876 3004 anteposui
893 2939 1010 3004 vulgatae
1028 2951 1092 3001 pro-

63 3009 148 3060 duait.
172 3035 208 3045 —
231 3024 256 3059 v.
275 3006 328 3061 268
345 3009 477 3075 vulgarem
492 3011 627 3060 verborum
645 3011 757 3060 ordinem
774 3023 824 3061 non
845 3009 1026 3057 immutandum
1044 3022 1092 3072 pu-

9 3128 10 3131 ,
61 3073 287 3129 1551-5274
310 3079 336 3127 15
358 3079 458 3143 vulgari
473 3080 607 3129 verborum
625 3079 787 3130 collocatione
802 3078 928 3139 acquievi.
945 3102 979 3114 -
996 3092 1022 3126 v.
1040 3073 1092 3129 275

62 3148 90 3197 15
108 3146 271 3209 paucioribus
288 3146 359 3196 libris
376 3153 460 3197 exstat
476 3154 520 3196 551
536 3148 613 3197 alind.

134 3213 245 3264 Satira
262 3214 306 3268 IX.
321 3230 347 3265 v.
364 3214 381 3268 9
401 3214 449 3266 Tot
461 3231 541 3279 napae
558 3217 661 3267 minime
678 3216 740 3265 mibi
754 3214 893 3279 displicuit,
913 3226 990 3277 quare
1008 3214 1092 3278 spreti

62 3282 162 3334 11515511
180 3286 213 3334 od
232 3283 307 3335 Ovid.
325 3283 385 3335 Her.
403 3285 450 3349 Ep.
469 3284 523 3343 Xll,
540 3281 576 3336 84
593 3287 772 3335 comestionem
789 3282 837 3334 Tot
853 3298 940 3349 rapae.
956 3308 991 3321 —
1013 3298 1038 3331 v.
1057 3281 1092 3332 14

39 3408 43 3423 ι
62 3353 128 3403 mira
158 3353 272 3416 proiecto
293 3353 407 3403 lectionis
427 3355 565 3405 dicacitas.
601 3355 712 3420 Vulgata
728 3353 830 3403 Brattia
849 3353 1000 3416 praestabat
1017 3350 1095 3399 5511511

64 3422 113 3473 tibi
126 3421 212 3485 faceia
228 3423 289 3473 51551
294 3422 430 3488 1555555111
448 3424 552 3474 debetur
569 3424 738 3473 emendationi
753 3421 870 3472 Salmaeii
887 3422 922 3472 ad
939 3418 1040 3471 Tertull.
1061 3419 1093 3468 de

66 3491 127 3558 pell.
137 3505 165 3558 p.
175 3487 241 3552 9415
258 3492 321 3543 mibi
337 3504 404 3544 nnnc
417 3493 444 3542 in
458 3492 623 3558 plurimorum
636 3493 756 3544 librorum
773 3493 921 3543 auctoritate
935 3488 1096 3553 acquiescere
