2542 3900
152 236 205 307 ‘ti
396 247 399 250 ’
458 242 496 304 l).
517 241 608 303 IUN.
628 236 896 303 luvuunnls

177 444 180 457 ·
202 412 280 488 Quis
301 400 418 490 gremio
438 407 588 471 Enceladi
608 406 754 488 doctique
774 405 969 471 Palaemonis
989 408 1099 487 auem,
1140 419 1194 476 215

163 497 317 573 Quantum
337 495 552 575 grammaticus
571 495 686 554 meruit
696 492 814 559 labori
836 498 870 552 et
889 498 994 553 tamen
1015 512 1054 554 ex
1073 494 1136 555 hoc

162 580 384 661 Quodcumque
405 588 454 639 est
475 570 597 663 (minus
617 583 668 638 est
686 583 806 655 autem,
825 595 916 655 quam
935 578 1073 639 rhetoris
1096 575 1190 665 aera]
1259 648 1260 653 ἵ

160 662 312 744 Discipuli
334 669 436 725 custos
457 662 657 742 praemordet
675 662 912 734 Acoenonetus3
1259 668 1260 683 ¹

160 748 218 827 Et,
241 750 294 827 qni
315 748 488 829 dispensat,
509 748 633 825 franget
654 746 722 806 sibi.
765 743 869 822 che,
890 743 1071 823 Palaemon,

102 896 105 900 ,
159 833 203 892 lit
222 838 331 911 patere
352 831 426 892 inde
447 828 565 912 aliquid
583 830 783 908 decrescere,
805 847 869 911 nou
887 827 979 889 aliter
1003 849 1093 909 quam
1140 839 1191 894 Ἠ)

159 915 287 976 Institor
308 917 458 976 hibernae
478 917 593 995 tegetis
612 916 758 994 niveique
779 910 920 987 cadurci;

159 999 330 1060 Dummodo
350 1017 413 1060 non
432 1007 558 1080 pereat,
579 998 699 1060 mediae
720 996 804 1077 quod
823 998 924 1057 noetis
945 998 983 1058 ab
1003 999 1081 1059 hera
1148 1002 1151 1009 '

160 1083 292 1161 Sedisti,
315 1104 374 1162 qua
394 1102 484 1153 nemo
505 1085 612 1163 inber,
634 1103 694 1162 qua
713 1101 804 1143 nemo
824 1080 972 1159 redebet,

160 1168 220 1243 Qui
241 1167 334 1227 docet
355 1162 480 1246 obliquo
499 1168 601 1229 lanam
622 1166 779 1228 deducere
799 1167 904 1240 ierro;
1258 1216 1259 1221 ,

159 1249 329 1311 Dummodo
350 1271 414 1313 non
434 1259 544 1332 pereat
561 1251 693 1312 totidem
714 1250 861 1311 olfecisse
880 1248 1041 1328 lucernas,
1138 1259 1187 1311 tit

160 1336 242 1412 Quot
261 1337 384 1396 stabant
405 1339 512 1416 pueri,
534 1354 626 1416 quum
646 1340 730 1395 totus
753 1333 882 1394 decolor
901 1340 986 1395 esset

158 1416 290 1480 Flaccus
312 1426 345 1479 et
365 1421 512 1480 haereret
531 1422 621 1499 nigro
641 1418 739 1498 fuligo
758 1419 891 1480 Maroni.

157 1502 239 1564 Rara
258 1509 362 1564 tamen
381 1522 522 1583 merces,
545 1522 622 1583 quae
646 1504 822 1582 cognitione
842 1503 962 1563 tribuni
1259 1532 1260 1537 κ

156 1588 227 1647 Non
249 1594 348 1666 egeat.
390 1587 455 1649 Sed
475 1609 528 1649 vos
551 1606 655 1648 saevas
672 1588 823 1668 imponite
843 1585 952 1666 leges,

157 1671 201 1732 Ut
221 1675 419 1753 praeceptori
438 1676 603 1755 verborum
624 1669 733 1752 regula
754 1676 892 1749 constet,
1039 1742 1040 1745 Ἴ
1137 1679 1189 1733 230

156 1755 200 1816 Ut
218 1755 304 1835 legat
325 1757 486 1836 historias,
506 1764 648 1817 auctores
668 1758 791 1817 noverit
810 1773 932 1832 omues,

157 1839 327 1920 Tamquam
346 1860 464 1920 ungues
486 1841 660 1921 digitosque
684 1858 773 1915 suos3
794 1846 830 1900 ut
848 1840 933 1899 forte
955 1843 1095 1918 rogatus,

155 1922 235 1984 Dum
254 1927 335 2004 petit
356 1932 409 1984 aut
428 1927 565 1985 thermas
587 1932 639 1984 aut
659 1925 779 1985 Phoebi
797 1922 926 2002 balnea,
937 1919 1032 1983 dicat

155 2007 315 2067 Nutricem
336 2009 506 2087 Anchisae,
527 2027 640 2069 nomen
661 2010 852 2087 patriamque
872 2024 1026 2067 novercae

155 2090 360 2164 Archemori3
382 2090 481 2170 dicat,
498 2101 574 2172 quot
587 2093 718 2151 Acestes
732 2091 844 2151 vixerit
862 2110 975 2169 anuos,
1135 2099 1190 2155 235

156 2175 240 2250 Quot
261 2172 383 2235 Siculus
402 2175 577 2255 Phrygibus
597 2177 662 2236 vini
681 2174 842 2235 donaverit
863 2194 965 2235 urnas.
1259 2174 1260 2177 ’

154 2257 295 2337 Exigite,
316 2265 352 2319 ut
372 2278 474 2320 mores
495 2267 623 2321 teneros
645 2277 702 2320 ceu
721 2257 840 2340 pollice
862 2258 971 2336 ducat,

153 2342 198 2403 Ut
219 2344 246 2402 ri
268 2344 336 2422 quis
358 2363 430 2405 cera
449 2342 566 2405 vultum
585 2345 679 2419 facit3
700 2346 833 2423 exigito,
854 2351 889 2405 ut
910 2345 952 2404 ait

153 2426 195 2486 Et
215 2433 305 2505 pater
322 2429 420 2508 ipsius
441 2435 563 2507 coetus,
583 2447 624 2488 ne
645 2430 748 2509 turpia
768 2427 891 2508 ludant,

152 2510 200 2571 Ne
222 2510 337 2570 faciant
356 2513 482 2574 vicibus.
524 2513 593 2572 Non
615 2521 664 2572 est
681 2514 751 2573 leve
772 2519 820 2572 tot
840 2528 1008 2593 puerorum
1135 2517 1187 2572 mo

153 2593 328 2654 Observare
348 2614 453 2655 manua
475 2594 642 2675 oculosque
662 2598 696 2655 in
715 2597 779 2656 iinc
799 2603 980 2659 trementes.

152 2677 255 2755 Haec,
276 2679 393 2758 inquit,
414 2698 519 2740 caras:
538 2686 585 2758 et,
608 2698 700 2758 quum
716 2699 751 2740 se
767 2683 899 2741 verterit
916 2699 1030 2758 annus,

152 2761 284 2841 Accipe,
304 2764 415 2823 uictori
435 2764 566 2846 populns
589 2762 672 2843 quod
691 2763 844 2844 postulat,
867 2785 981 2827 aarum.

561 2941 769 2951 —n-—a-——a—

434 3097 748 3176 surius
800 3097 899 3176 vni.

148 3196 329 3312 Stemmata
351 3248 426 3328 quid
445 3250 586 3313 hoium?
615 3254 690 3333 quid
710 3252 857 3334 prodest,
877 3252 1025 3333 Pontice,
1043 3250 1139 3334 longo

148 3333 303 3412 Sanguine
324 3335 465 3412 censeri,
486 3337 587 3415 pictos
609 3337 776 3398 ostendere
796 3336 900 3398 vultus

147 3415 301 3477 Maiarum
321 3423 355 3478 et
374 3423 492 3479 stantes
512 3421 544 3480 iu
564 3422 706 3482 curribus
725 3421 913 3483 domitianos

145 3499 189 3562 Et
209 3502 320 3562 Garios
339 3503 401 3563 ium
420 3501 563 3564 dImidios
583 3522 752 3585 nasumque
772 3506 923 3571 minorem
