2542 3900
174 227 217 292 oo
468 227 504 288 a.
523 225 613 287 run.
635 197 901 287 ruvnsaur's

172 396 311 459 Fidimus
332 392 480 474 eloquio?
501 393 645 454 Ciceroni
664 410 755 451 nemo
776 389 926 452 ducentos
969 418 985 442 ·-
1011 408 1014 419 ’

173 481 262 542 Nunc
285 478 409 539 dederit
428 496 582 554 nummos,
603 473 810 555 nisi'fplserit
829 473 960 536 annulus
977 476 1097 555 'ingena
1146 484 1195 539 140

172 564 313 644 Respicit
332 564 409 622 baec
429 562 576 641 primum,
600 561 652 639 qui
671 557 787 638 litigat,
808 579 847 619 an
867 561 926 619 tibi
946 562 1028 621 servi

173 648 269 726 Octo,
291 647 398 707 decem
421 645 571 722 comites,
586 663 625 703 an
643 648 715 723 post
734 650 767 704 te
788 642 882 721 sella,
901 645 1000 722 togati
1127 718 1132 722 ³

172 731 254 791 Ante
274 730 382 812 pedes.
425 727 498 788 ideo
521 727 671 788 conducta
690 725 803 787 Paulus
821 728 931 806 agebat

172 815 388 894 Sardonycbe,
409 819 501 890 atque
521 810 593 871 ideo
615 810 712 891 pluris
735 832 823 890 quam
842 812 955 872 Cossus
976 813 1102 890 agebat,

172 901 269 976 Quam
289 896 418 958 Basilus.
453 896 535 955 Rard
553 897 586 955 iu
606 897 693 955 tenui
713 894 857 955 facundia
874 896 991 975 panno!
1144 902 1194 958 145

171 982 300 1060 Quando
320 980 397 1041 licet
414 978 516 1039 Basilo
537 981 665 1039 flentem
684 979 859 1059 producere
879 979 1030 1039 matrem?

171 1068 246 1142 Quis
266 1068 347 1126 bene
368 1064 523 1125 dicentem
543 1062 677 1124 Basilum
695 1063 799 1123 ferat?
822 1064 951 1143 accipiat
969 1068 1003 1123 te

170 1149 274 1212 Gallia
293 1147 345 1209 vel
364 1150 466 1228 potius
487 1146 641 1207 nutricula
661 1146 883 1209 causidicorum

168 1234 291 1310 Africa,
313 1234 340 1292 si
359 1231 476 1313 placuit
497 1230 673 1291 mercedem
693 1233 852 1311 imponere
872 1230 1001 1310 liuguae

200 1315 393 1377 ¹Declamare
415 1315 533 1375 doces?
554 1314 697 1375 olerrea
717 1321 845 1394 pectora
863 1315 972 1393 Vecti,
1144 1324 1194 1376 150

169 1404 268 1478 Quum
287 1401 414 1480 perimit
434 1416 539 1458 saevos
559 1397 665 1459 classis
686 1417 849 1459 numerosa
868 1399 1029 1479 tyrannos!

166 1486 244 1547 Nam
265 1500 473 1565 quaecunque
491 1481 603 1543 sedens
624 1481 714 1543 modo
734 1480 873 1562 legerat,
894 1484 970 1543 baec
991 1481 1196 1544 eademstaua

164 1569 314 1630 Proferet
335 1574 427 1647 atque
449 1565 557 1627 eadem
578 1569 713 1627 cantabit
732 1569 872 1627 versibus
892 1567 1008 1641 isdem;

141 1720 145 1727 ⁸
168 1653 292 1713 Occidit
309 1654 438 1712 miseros
460 1652 583 1711 crambe
604 1652 739 1731 repetita
759 1653 930 1730 magistros.

167 1739 242 1814 Quis
254 1734 386 1796 coloret
397 1734 479 1814 quod
491 1737 533 1795 sit
544 1754 651 1795 caune
663 1753 759 1815 genus
771 1742 863 1815 atque
874 1736 926 1795 ubi
938 1754 1054 1816 summa
1143 1744 1196 1798 155

167 1823 330 1898 Quaestio,
352 1837 430 1900 quae
451 1821 575 1879 veniant
596 1819 718 1880 diverso
737 1826 826 1901 parte
839 1820 994 1898 sagittae,

164 1905 264 1966 Nosse
281 1903 390 1964 volunt
407 1922 528 1981 omnes,
548 1903 724 1964 mercedem
744 1902 866 1964 solvere
885 1922 987 1963 nemo.

164 1988 346 2050 Mercedem
367 1985 527 2066 appellas?
549 1986 623 2065 quid
644 1990 725 2055 enim
745 1988 832 2047 scio?
853 1987 950 2067 Culpa
971 1985 1110 2048 docentis

166 2072 294 2132 Scilicet
315 2070 467 2149 arguitur,
490 2070 572 2148 quod
592 2069 679 2131 laeva
696 2073 730 2130 in
750 2076 839 2151 parte
860 2069 1014 2132 mamillae

164 2154 216 2216 Nil
228 2154 307 2221 ¹salit
327 2152 460 2213 Arcadio
481 2154 600 2232 iuveni,
622 2156 707 2214 cuius
728 2156 803 2214 mibi
824 2161 910 2214 sexta
1140 2162 1196 2217 loo

166 2240 292 2317 Quaque
314 2237 366 2298 die
386 2239 532 2298 miserum
553 2237 637 2298 dirus
659 2245 750 2318 caput
769 2238 922 2299 Hannibal
941 2236 1066 2319 implet;

165 2322 322 2403 Quidquid
341 2322 374 2383 id
395 2329 460 2402 est,
483 2321 523 2382 de
545 2342 603 2401 quo
626 2321 797 2402 deliberat,
820 2343 858 2384 an
878 2328 965 2403 petat
984 2323 1095 2384 urbem

162 2409 191 2467 A
213 2409 343 2486 Cannis,
365 2426 403 2467 an
423 2413 495 2487 post
516 2409 634 2468 nimbos
656 2415 689 2468 et
708 2405 837 2468 fulmina
859 2415 964 2468 cautus

163 2492 359 2570 Gircmnagat
378 2490 515 2550 madidas
537 2511 555 2550 a
574 2497 761 2572 tempestate
782 2494 937 2557 cobortes.

163 2576 316 2651 Quantum
336 2575 381 2633 vis
403 2573 568 2654 stipulare,
589 2583 623 2635 et
642 2578 783 2656 protinus
805 2577 927 2655 accipe,
948 2572 1032 2654 quod
1051 2572 1110 2655 do,
1140 2583 1195 2639 165

161 2658 206 2718 Ut
225 2655 427 2735 totiesillum
447 2664 538 2737 pater
559 2658 670 2721 audiat.
713 2662 772 2720 Ast
792 2659 845 2720 olii
865 2678 919 2720 sex

160 2742 203 2804 Et
222 2741 327 2821 plures
349 2760 409 2801 uno
431 2741 620 2802 conclamant
642 2763 696 2803 ore
717 2745 874 2824 sophistae

159 2826 201 2885 lit
222 2844 310 2885 veras
332 2827 447 2905 agitant
466 2823 556 2905 lites,
577 2833 703 2907 raptore
722 2827 852 2904 relicto,
977 2866 981 2873 ·
1257 2848 1258 2911 i

159 2909 242 2969 Fusa
263 2928 382 2970 venena
402 2909 514 2989 silent,
536 2909 633 2971 malus
654 2914 853 2992 ingratusque
874 2912 1018 2991 maritus,

158 2993 201 3053 Et
223 3013 300 3072 quae
321 2996 380 3055 iam
401 3001 524 3056 veteres
546 3001 653 3055 sanant
673 2999 819 3073 mortaria
841 3015 957 3057 caecos.
1139 3004 1198 3062 luo

158 3077 241 3156 Ergo
265 3079 324 3138 sibi
346 3077 431 3140 dabit
451 3082 519 3160 ipse
540 3078 664 3159 rudem,
684 3082 711 3140 si
730 3088 836 3141 nostra
857 3082 1022 3141 movebunt

158 3160 312 3240 Consilia,
334 3170 367 3223 et
387 3165 467 3224 vitoe
490 3162 643 3224 diversum
663 3166 725 3225 iter
745 3164 955 3243 ingredietur,

155 3245 207 3306 Ad
226 3265 358 3327 pugnam
379 3249 431 3328 qui
451 3248 609 3309 rhetorica
630 3248 792 3310 descendit
813 3250 850 3309 ab
871 3252 994 3326 umbra,

157 3328 313 3390 Summula
334 3350 374 3391 ue
395 3336 521 3411 pereat,
544 3352 603 3411 qua
623 3332 692 3393 uilis
713 3339 833 3393 tessera
852 3335 938 3395 venit

154 3411 333 3491 Frumenti3
357 3417 470 3495 quippe
491 3417 570 3487 bam
590 3436 709 3477 merces
729 3416 907 3480 lautissima.
952 3416 1072 3495 Teuta,
1139 3422 1198 3479 175

156 3496 375 3579 Chrysogonus
398 3502 504 3580 quanti
526 3499 651 3581 doceat,
672 3500 722 3563 vel
740 3499 843 3564 Pollio
866 3503 971 3583 quanti
