2542 3900
166 226 211 290 84
459 231 495 293 Ι).
517 230 606 293 IUN.
628 228 892 339 iuvnrinuls

163 399 245 479 Quid
265 401 383 461 sentire
403 404 493 480 putas
514 416 634 476 omnes,
656 395 801 476 (talvine,
822 398 945 458 recenti

162 486 209 545 lle
232 483 354 546 scelere
376 488 409 542 et
428 482 503 543 iidei
523 480 654 542 violatae
676 481 826 543 erimine?
846 480 904 541 sed
922 499 982 543 nee

164 568 242 628 'l'am
261 569 363 629 tenuis
387 584 496 626 census
516 566 574 625 tibi
596 566 742 644 contigit,
763 570 798 625 ut
818 564 984 626 mediocris

162 653 300 713 iacturae
321 658 354 712 te
375 655 494 730 mergat
512 669 604 728 onus,
625 667 684 709 neo
704 669 775 709 rara
793 648 947 727 videmus,

162 737 248 813 Quae
265 736 399 816 pateris3
419 753 505 794 assus
525 732 628 797 multis
649 734 700 793 hie
723 734 862 812 cognitus
884 736 1000 793 auiam

165 819 273 881 Tritus
294 825 328 881 et
347 837 366 879 e
386 816 653 898 mediofortuuae
674 816 784 876 duetus
806 836 925 880 acervo.
1156 830 1187 883 lo

161 903 314 964 l'ouamus
334 903 445 963 nimios
467 904 614 981 gemitus3
635 902 814 980 flagrantior
835 920 932 981 aequo

163 988 234 1049 Non
254 987 349 1047 debet
370 984 459 1046 dolor
479 1004 548 1047 esse
568 987 643 1064 viri,
664 1004 722 1045 nee
743 983 872 1045 vulnere
893 986 998 1046 maior.

165 1072 215 1133 Tu
237 1074 371 1150 quamvis
389 1069 502 1131 levium
522 1071 675 1130 minimam
696 1058 894 1148 exiguamque
912 1066 1062 1130 malorum

162 1153 350 1216 Particulam
368 1156 418 1215 vix
436 1155 523 1214 ferre
543 1159 649 1235 potes,
669 1154 878 1234 spumantibus
899 1151 1010 1214 ardens

163 1239 360 1318 Visceribus,
380 1257 500 1298 suerum
520 1239 579 1297 tibi
601 1237 682 1315 quod
700 1257 763 1296 uon
783 1235 895 1297 reddat
916 1238 1028 1297 amiens
1157 1249 1188 1300 15

163 1322 353 1403 Depositum.
392 1321 504 1402 Stupet
524 1322 616 1399 haee,
639 1322 691 1399 qui
710 1322 770 1380 iam
791 1327 863 1400 post
881 1326 970 1400 terga
989 1320 1121 1402 reliquit

163 1406 328 1485 Sexaginta
348 1424 460 1484 annos,
480 1406 613 1465 Fonteio
634 1402 769 1464 Consule
788 1404 901 1463 natus?

162 1491 206 1552 At
226 1489 305 1550 nihil
324 1492 357 1551 in
376 1488 486 1550 melius
507 1493 554 1549 tot
574 1507 680 1558 rerum
700 1488 826 1569 proicis
846 1488 927 1548 usui

162 1574 278 1653 Magna
298 1572 440 1653 quidem,
462 1575 558 1634 saeris
580 1591 657 1652 quae
678 1570 731 1631 dat
750 1577 917 1653 praecepta
937 1569 1072 1652 libellis,
1174 1564 1178 1570 ’

162 1658 286 1720 Victrix
304 1659 448 1719 fortunae
469 1658 635 1738 sapientla3
658 1655 796 1716 ducimus
817 1663 918 1716 autem
1152 1668 1189 1720 2⁰

164 1742 231 1802 Hos
254 1759 376 1822 quoque
394 1739 521 1821 felices,
542 1742 596 1820 qui
616 1741 703 1800 ferre
724 1738 916 1801 incommoda
936 1741 1016 1801 vitae

162 1824 229 1889 Nee
249 1827 365 1886 iactare
386 1826 488 1905 iugum
509 1826 571 1886 vita
593 1823 732 1885 didicere
753 1827 905 1903 magistra.

163 1911 250 1988 Quae
271 1916 333 1973 tam
353 1911 434 1970 festa
454 1908 538 1987 dier,
558 1913 594 1968 ut
615 1914 717 1969 cesset
736 1908 872 1989 prodero
892 1908 1010 1988 furem,

162 1993 346 2071 Perfidiam,
367 1991 492 2054 fraudes
514 1999 605 2071 atque
627 1995 710 2052 omni
730 2011 768 2052 ex
790 1994 917 2053 crimine
937 1992 1056 2053 lucrum

163 2077 342 2153 Quaesitum
363 2082 396 2136 et
415 2081 521 2156 partor
541 2074 643 2154 gladio
664 2074 714 2137 vel
734 2075 848 2155 pyxide
868 2078 1027 2138 nummos?
1151 2086 1187 2141 25

162 2157 238 2220 Rari
259 2160 372 2239 pulppe
393 2160 483 2239 boni,
504 2177 633 2218 numero
653 2161 703 2219 vix
723 2164 794 2219 suut
813 2159 959 2240 totidem,
982 2166 1056 2242 quot

164 2243 343 2331 Tnebarum
363 2249 472 2325 portae
493 2240 545 2302 vel
565 2241 667 2303 divitis
689 2244 767 2303 ostia
785 2242 858 2305 Nili.
886 2249 890 2256 '

162 2326 251 2389 Nona
271 2335 355 2389 aetas
376 2329 477 2408 agitur
496 2329 665 2408 peioraque
687 2326 790 2388 secula
808 2328 887 2388 ferri

164 2413 388 2493 Temporibus,
412 2431 541 2492 quorum
562 2410 677 2471 sceleri
697 2431 760 2470 non
779 2411 898 2471 invenit
917 2413 984 2490 ipsa

162 2494 284 2557 Nomen
305 2502 338 2556 et
359 2516 376 2555 a
396 2494 480 2556 nullo
501 2498 605 2576 posuit
624 2500 734 2555 natura
754 2494 888 2557 metallo.
1157 2502 1190 2556 3⁰

165 2579 229 2640 Nos
250 2581 406 2640 hominum
426 2578 589 2657 divumque
607 2579 701 2639 iidem
721 2577 856 2640 elamore
878 2580 1007 2658 olemus,

164 2663 286 2740 Quanto
306 2661 482 2724 Faesidium
501 2660 607 2723 laudat
627 2660 742 2729 vocalis
763 2668 903 2742 agentem

165 2746 319 2827 Sportula.
361 2748 434 2825 Dio,
455 2747 559 2806 senior
579 2745 662 2807 bulla
682 2745 875 2827 dignissime,
896 2747 1015 2825 neseis,

164 2831 248 2907 Quas
267 2831 380 2891 lrabeat
400 2831 541 2892 Veneres
562 2828 663 2890 aliena
683 2832 836 2911 pecunia?
857 2832 974 2910 nescis,

165 2915 264 2991 Quem
281 2921 333 2974 tua
355 2913 534 2995 simplicitas
555 2916 651 2974 risum
670 2912 761 2994 vulgo
782 2920 918 2991 moveat,
940 2934 1032 2994 quum
1161 2919 1194 2973 35

163 2999 271 3077 Exigis
292 3019 310 3058 a
330 3019 497 3079 quoquam,
518 3017 558 3058 ne
578 3001 701 3080 peieret
723 3006 756 3060 et
775 3006 864 3080 putet
882 2997 954 3059 ullis

164 3083 244 3146 Esse
265 3082 389 3161 aliquod
409 3100 522 3143 numen
541 3081 667 3163 templis
688 3101 820 3163 araeque
840 3082 989 3144 rubenti?

163 3165 326 3243 Quondam
344 3167 403 3226 hoe
423 3166 588 3245 indigenae
607 3169 751 3228 vivebant
768 3186 871 3245 more,
891 3167 1070 3248 priusquam

165 3249 312 3310 Sumeret
333 3257 486 3328 agrestem
507 3252 608 3330 posito
630 3249 803 3312 diademate
823 3249 937 3311 falcem

167 3333 316 3394 Saturnus
337 3334 476 3412 fugiens,
496 3340 586 3412 tuno,
609 3355 700 3413 quum
720 3333 898 3414 virguncula
919 3334 993 3396 luno
1165 3338 1198 3394 it

166 3416 210 3477 lit
229 3418 363 3497 privatus
386 3416 484 3478 adhue
505 3416 604 3481 idaeis
624 3419 762 3499 luppiter
783 3420 889 3482 antris,

168 3497 260 3560 Nulla
279 3519 373 3583 super
392 3504 490 3563 nubes
512 3503 647 3564 convivia
667 3501 899 3583 coelicolarum,
