2530 3900
455 240 654 302 SATIRA
685 239 737 304 vl,

72 408 204 470 lamias
226 414 293 482 est;
314 405 441 468 admitte
461 408 558 467 viros!
577 408 731 470 Dormitat
751 407 889 487 adulter,

71 492 133 554 Illa
152 495 241 553 iubet
262 498 384 572 sumpto
404 494 546 551 iuvenem
565 511 735 573 properare
759 491 900 568 cucull03

73 578 110 637 Si
129 576 209 637 nihil
229 583 297 653 cst,
318 577 415 636 servis
435 577 622 652 incurritur;
644 576 810 638 abstuleris
831 594 918 657 spem

73 661 260 738 Servorum,
282 661 385 720 reniet
405 657 574 720 conductus
596 663 756 740 aquarius3
777 663 829 721 hic
849 663 877 720 si

72 746 245 821 Quaeritur
264 750 297 804 et
318 743 430 804 desunt
450 744 609 823 homines,
631 764 717 805 mora
738 744 824 806 nulla
842 763 901 825 per
921 744 1033 827 ipsam,

73 830 145 905 Quo
168 829 265 888 minus
286 829 430 908 imposito
453 825 576 888 clunem
598 832 767 889 summittat
788 829 892 890 asello.

73 914 181 992 Atque
201 913 315 972 nilnam
333 914 414 972 ritus
435 917 559 971 veteres
582 920 615 973 et
635 910 760 992 publica
778 912 888 974 saltem

73 997 134 1056 His
155 998 267 1056 intacta
288 995 376 1056 malis
398 1002 566 1074 agerentur
587 1015 689 1057 sacra:
709 996 766 1056 sed
785 1015 892 1058 omnes

72 1081 232 1148 Noverunt
249 1081 354 1141 Mauri
375 1086 468 1158 atque
488 1078 573 1157 ludi,
596 1099 673 1160 quae
694 1080 824 1161 psaltria
842 1098 955 1162 penem

70 1165 241 1243 Maiorem,
263 1184 354 1243 quam
376 1170 448 1223 sunt
469 1161 530 1222 duo
552 1164 693 1225 Caesaris
711 1166 930 1243 Anticatones,

70 1247 169 1325 Illuc,
189 1246 329 1309 testiculi
349 1248 410 1307 sibi
430 1249 571 1308 conscius
592 1247 675 1309 unde
695 1249 776 1329 fugit
797 1270 879 1328 mus,

70 1331 233 1412 Intulerit,
255 1333 309 1393 ubi
328 1330 427 1391 velari
446 1332 568 1412 pictura
588 1333 729 1411 iubetur,
1053 1345 1106 1400 340

73 1417 291 1495 Quaecumque
313 1414 442 1475 alterius
460 1434 551 1476 senus
575 1417 694 1477 imitata
713 1419 842 1496 figuram
865 1424 921 1478 est.

71 1502 113 1562 Et
133 1502 201 1579 quis
221 1507 296 1560 tunc
316 1501 473 1559 hominum
496 1506 691 1581 contemptor
711 1503 867 1562 numinis?
887 1508 940 1563 aut
960 1505 1028 1583 quis

73 1584 261 1663 Simpuvium
278 1583 385 1645 ridere
405 1583 522 1644 Numae
543 1586 726 1665 nigrumque
745 1587 878 1646 catinum

71 1668 115 1730 Et
133 1670 284 1731 Vaticano
305 1666 434 1745 fragiles
456 1667 496 1728 de
518 1675 622 1730 monte
642 1667 775 1749 patellas

71 1753 175 1812 Ausus
197 1751 287 1812 erati
308 1750 364 1811 sed
384 1770 465 1812 nunc
488 1751 526 1812 ad
547 1773 623 1832 quas
644 1772 707 1814 non
728 1752 858 1816 Clodius
878 1757 968 1814 aras'l
1052 1764 1105 1819 345

6 1850 8 1853 ’
116 1834 235 1914 Audio,
256 1834 331 1914 quid
348 1842 479 1896 veteres
493 1836 566 1897 olim
587 1838 737 1897 moneatis
760 1838 864 1896 amicir

72 1920 162 1979 Pone
184 1937 299 1997 seram,
322 1919 446 1981 cohibe!
470 1920 533 1980 Sed
555 1923 623 2001 quis
643 1920 797 1982 custodiet
816 1922 901 2002 ipsos

74 2002 252 2065 (lustodes‘.l
272 2009 360 2063 cauta
381 2011 430 2064 est
451 2011 484 2064 et
505 2007 542 2064 ab
562 2003 626 2066 illis
646 2007 757 2087 incipit
776 2025 862 2068 uuor.

72 2088 197 2166 lamque
218 2086 326 2148 eadem
347 2089 471 2148 summis
492 2091 611 2168 pariter
631 2091 825 2171 minimisque
846 2088 961 2167 libido,

72 2171 139 2231 Nec
159 2170 285 2250 melior,
307 2170 425 2232 silicem
446 2172 578 2253 pedibus
598 2192 676 2253 quae
698 2176 834 2235 conterit
853 2181 972 2254 atrum,
1051 2185 1107 2238 350

6 2260 8 2345 ζ
73 2256 172 2332 Quam
193 2275 270 2335 quae
289 2254 452 2334 longorum
473 2258 595 2318 vehitur
617 2260 737 2318 cervice
759 2259 916 2337 Syrorum.

6 2356 8 2399 ι
114 2339 160 2399 Ut
179 2346 300 2420 spectet
319 2338 426 2417 ludos,
449 2340 593 2401 conducit
615 2341 746 2420 Ogulnia
765 2347 898 2418 vestem,

73 2423 229 2484 Gonducit
249 2425 393 2502 comites,
415 2422 539 2499 sellam,
562 2423 710 2502 cervical,
731 2426 857 2500 amicas,

71 2507 232 2568 Nutricem
249 2514 282 2568 et
300 2510 425 2585 flavam,
448 2511 498 2569 cui
520 2509 574 2569 det
594 2507 751 2586 mandata,
771 2507 912 2589 puellam.

71 2592 159 2651 Haec
181 2598 283 2652 tamen
304 2594 425 2670 argenti
447 2598 590 2674 superest
611 2592 823 2672 quodcumque
845 2593 967 2675 paterni
1051 2602 1104 2657 355

6 2712 7 2719 1
72 2676 205 2736 Levibus
228 2675 355 2736 athletis
375 2696 411 2735 ac
431 2694 501 2737 tasa
521 2679 684 2737 novissima
705 2677 808 2738 donat.

71 2759 182 2820 Multis
202 2778 255 2820 res
277 2767 404 2839 angusta
424 2759 522 2821 domi:
544 2761 601 2822 sed
620 2759 707 2821 nulla
726 2761 876 2842 pudorem

71 2843 268 2923 Paupertatis
288 2846 397 2918 habet,
418 2862 477 2903 nec
499 2864 533 2905 se
553 2848 680 2905 metitur
701 2846 740 2907 ad
760 2845 861 2922 illurn,

73 2927 172 3003 Quem
193 2927 281 2988 dedit
300 2929 377 2987 haec
394 2929 558 3007 posuitque
573 2928 704 2991 modum.
735 2930 853 2989 'l'amen
869 2928 948 2991 utile
961 2931 1034 3008 quid
1045 2934 1102 3011 sit,

70 3010 270 3091 Prospiciunt
290 3011 453 3091 aliquando
474 3013 549 3090 viri,
569 3014 730 3093 frigusque
751 3014 924 3093 famemque
1050 3025 1104 3080 360

71 3093 215 3155 Formica
228 3094 354 3155 tandem
374 3094 497 3175 quidam
518 3115 669 3176 expavere
689 3098 851 3177 magistra:

71 3178 205 3257 ProdIga
227 3198 290 3239 non
311 3182 408 3241 sentit
422 3187 611 3261 ¹pereuntem
631 3181 747 3241 femina
768 3201 910 3257 ccnsum;

70 3263 133 3341 Ac,
153 3261 238 3341 uelut
256 3264 403 3323 exhausta
422 3264 577 3325 redivivus
597 3265 733 3344 pullulet
754 3286 825 3326 arca

70 3345 217 3409 Nummus
236 3352 271 3406 et
292 3364 310 3405 e
330 3345 424 3426 pleno
443 3347 574 3409 tollatur
595 3367 718 3430 semper
738 3368 865 3427 acervo,

70 3428 141 3491 Non
161 3448 303 3511 umquam
324 3437 486 3509 reputant,
509 3435 614 3511 quanti
636 3435 695 3494 sibi
708 3433 817 3511 gaudia
831 3438 980 3494 constent.
1049 3440 1102 3496 365

113 3515 209 3594 Sunt,
231 3533 310 3604 quas
328 3516 461 3575 eunuchi
481 3515 624 3577 imbelles
644 3536 679 3575 ac
700 3514 807 3575 mollia
828 3532 951 3594 semper
