2542 3900
477 238 676 301 SATIRA
704 239 771 302 XV.
1082 237 1144 304 103

3 354 4 433 ἶ
116 406 252 468 Naturae
273 406 406 484 imperio
427 405 591 484 gemimus,
612 424 704 485 quum
724 394 816 466 funus
838 404 961 470 adultae

3 514 4 553 ss
118 491 258 569 Virginis
279 490 417 548 occurrit
437 487 488 549 vel
508 496 595 550 terra
616 488 768 549 clauditur
789 490 892 551 infans

114 575 158 638 Et
177 575 279 633 minor
298 574 372 651 igue
392 574 470 650 rogi.
513 573 589 650 Quis
609 573 692 633 enim
710 573 810 635 bonus
831 580 864 634 et
876 576 946 637 iace
960 575 1071 657 dignus
1092 585 1145 640 mo

115 659 254 733 Arcana,
277 655 399 735 qualem
420 657 547 718 Cereris
568 654 635 716 vult
656 674 725 716 esse
747 656 909 736 sacerdos,

3 770 4 827 p
115 742 187 803 Ulla
208 741 307 801 aliena
327 741 387 801 sibi
409 740 518 801 credat
536 738 639 800 malai
658 747 782 820 separat
800 741 861 802 hoc
881 763 938 803 nos

3 870 5 895 ,
116 827 146 885 Α
167 843 261 904 grege
281 831 453 902 mutorum,
474 830 566 903 atque
586 822 659 884 ideo
678 823 857 885 venerabile
879 825 939 889 soli

117 908 228 969 Sortiti
248 910 405 987 ingenium
426 907 658 986 divinorumque
681 925 809 988 capaces

3 1020 5 1051 i
116 994 220 1072 Atque
242 991 425 1053 exercendis
446 991 665 1073 capiendisque
685 992 802 1052 artibus
822 993 902 1072 apti,
1091 1003 1143 1075 ies

3 1114 5 1121 ›
117 1076 248 1137 Sensum
268 1097 287 1141 a
307 1076 436 1137 coelesti
458 1076 624 1136 demissum
642 1076 787 1135 traximus
808 1094 897 1154 arce,

3 1150 4 1191 ³
117 1161 213 1221 Cuius
235 1166 329 1239 egent
346 1179 445 1240 prona
466 1166 499 1220 et
520 1168 637 1219 terram
659 1161 838 1239 spectantia.
881 1158 992 1222 Mundi

114 1245 274 1325 Principio
295 1242 425 1304 indulsit
445 1244 612 1304 communis
635 1241 777 1305 conditor
797 1241 861 1303 illis

74 1358 86 1370 ·
118 1327 252 1389 Tantum
272 1330 402 1406 animas,
422 1329 512 1387 nobis
534 1328 666 1387 animum
689 1345 828 1406 quoquc,
848 1333 971 1389 mutuus
990 1334 1026 1389 ut
1045 1349 1102 1392 noa

3 1408 4 1471 ἒ
119 1412 259 1472 Affectus
278 1418 390 1493 petere
411 1411 556 1473 auxilium
577 1416 611 1470 et
630 1416 791 1491 praestare
811 1411 951 1491 iuberet,
1091 1422 1144 1476 150

116 1496 280 1577 Dispersus
300 1497 428 1557 trabere
448 1496 482 1556 iu
502 1492 666 1575 populum,
687 1494 820 1572 migrare
840 1501 961 1557 vetusto

3 1586 5 1657 g
115 1578 162 1640 lle
183 1598 310 1639 nemore
333 1586 366 1639 et
382 1580 505 1658 proavis
524 1579 676 1638 habitatas
695 1576 839 1656 linquere
862 1578 970 1658 silvas,

115 1662 291 1723 Aedificare
313 1661 437 1740 domos,
457 1659 573 1722 laribus
596 1663 781 1740 coniungere
802 1662 918 1723 nostris

117 1745 249 1806 Tectum
270 1744 371 1823 aliud,
392 1751 477 1805 tutos
498 1747 598 1806 vicino
618 1744 724 1806 limine
745 1765 867 1805 somnos

115 1830 161 1890 Ut
181 1826 293 1891 collata
314 1829 405 1890 daret
423 1828 552 1907 fiducia,
571 1834 739 1910 protegere
760 1830 851 1890 armis
1088 1839 1141 1894 155

3 1892 5 1975 l
116 1911 248 1993 Lapsum
269 1918 321 1973 aut
342 1914 462 1992 ingenti
483 1919 640 1973 nutantem
658 1912 788 1974 vulnere
810 1914 923 1992 civem,

3 2056 4 2079 χ
115 1997 276 2057 Communi
298 1996 372 2057 dare
394 1998 481 2075 signa
502 1999 591 2076 tuba,
614 1997 778 2073 defendier
797 1996 897 2057 isdem

114 2080 268 2142 Turribus
289 2088 382 2161 atque
402 2101 463 2140 uua
482 2086 641 2161 portarum
663 2081 746 2143 clave
767 2083 879 2144 teneri.

3 2220 4 2235 q
116 2162 181 2223 Sed
200 2166 259 2224 iam
281 2171 460 2246 serpentum
480 2166 578 2240 maior
600 2166 781 2242 eoncordia3
800 2165 903 2246 parcit

3 2244 5 2263 ³
115 2246 262 2324 cognatis
281 2245 409 2308 maculis
430 2247 539 2308 similis
558 2250 637 2312 fera.
680 2249 808 2325 Quando
828 2248 913 2308 leoni
1086 2257 1140 2312 160

3 2334 5 2387 Ξ
114 2329 243 2391 Fortior
261 2332 375 2411 eripuit
395 2332 486 2392 vitam
503 2331 578 2392 leo?
599 2350 659 2410 quo
680 2349 807 2391 nemore
826 2349 967 2410 umquam

3 2404 5 2433 r
114 2413 289 2492 Exspiravit
310 2433 385 2495 aper
404 2416 528 2475 maioris
549 2414 694 2475 dentibus
714 2415 805 2496 april

114 2495 218 2557 ludica
239 2499 328 2576 tigris
348 2499 410 2577 agit
429 2498 537 2579 rabida
558 2519 625 2559 cum
644 2498 758 2577 tigride
778 2516 884 2580 pacem
904 2504 909 2521 “

113 2579 317 2661 Perpetuam,
340 2583 437 2642 saevis
457 2584 594 2644 interae
615 2585 758 2644 convenit
776 2584 876 2644 ursis:

113 2666 173 2725 Ast
193 2665 310 2726 bomini
328 2666 447 2727 ferrum
466 2666 563 2727 letale
584 2666 697 2728 incude
716 2666 851 2728 nefanda
894 2666 899 2687 '
1087 2675 1139 2731 165

112 2747 301 2810 Produxisse
320 2770 429 2832 parum
450 2757 514 2830 est,
538 2772 630 2831 quum
651 2758 751 2813 rastra
772 2756 805 2812 et
824 2749 945 2813 sarcula
964 2757 1082 2818 tuntum

114 2833 241 2893 Assueti
261 2852 397 2913 coquere
419 2839 452 2892 et
472 2837 582 2895 marris
604 2856 638 2896 oc
658 2854 782 2897 vomere
802 2832 877 2895 lassi

112 2915 290 2976 Nescierint
310 2918 403 2999 primi
422 2915 540 2995 gladios
562 2919 731 2980 extundere
752 2919 842 2979 fabri.

112 3000 286 3080 Aspicimus
306 2999 455 3082 populos,
477 3021 605 3080 quorum
626 3024 689 3064 non
710 3002 825 3063 sufficit
844 3003 910 3063 irae

113 3082 274 3145 occidisse
294 3084 442 3165 aliquem3
464 3084 521 3145 sed
540 3093 684 3166 pectora,
703 3088 846 3165 brachia,
867 3085 983 3148 vultum
1088 3095 1141 3151 170

114 3166 317 3230 credideriut
337 3188 433 3248 genus
454 3188 523 3230 esse
546 3171 616 3233 cibi.
660 3171 741 3248 Quid
763 3170 884 3231 diceret
905 3189 981 3250 ergo

112 3249 175 3314 Vel
195 3272 255 3330 quo
277 3271 339 3311 nou
360 3253 500 3334 fugeret,
519 3255 549 3314 'si
569 3274 649 3317 nuuc
670 3257 748 3315 baec
767 3261 904 3316 monstra
923 3255 1045 3316 videret

111 3332 321 3414 Pythagoras,
343 3339 461 3399 cunctis
483 3338 662 3399 animalibus
684 3341 831 3400 abstinuit
852 3340 905 3420 qui

113 3417 281 3499 Tamquam
303 3421 428 3481 bomine
455 3429 488 3483 et
508 3425 609 3484 ventri
632 3421 763 3484 indulsit
781 3443 844 3485 non
863 3441 952 3484 omne
972 3421 1140 3517 legumqu?
