2542 3900
465 246 666 308 SATIRA
694 247 731 310 Χ.

72 414 282 494 Temporibus
305 411 383 473 diris
401 412 497 493 igitur
516 416 663 494 iussuque
684 410 817 475 Neronia

70 499 246 577 Longinum
268 504 302 558 et
324 514 447 576 magnos
471 497 609 559 Senecae
631 499 811 579 praedivitis
832 500 941 561 hortos

71 581 193 643 Clausit
214 589 248 642 et
270 584 409 660 egregias
431 582 655 643 Lateranorum
677 582 801 644 obsidet
823 583 916 644 aedes
1040 586 1043 593 ’

71 668 155 728 'l‘ota
177 667 304 726 cohors:
326 686 412 726 rarus
434 668 570 727 venitin
593 667 758 728 coenacula
779 664 879 730 mileo.

69 751 175 811 Pauca
195 748 272 810 licet
291 758 398 831 portes
419 752 539 829 argenti
557 751 680 812 vascula
699 753 786 832 puri,

69 835 174 895 Nocte
194 836 256 893 iter
276 836 434 913 ingressus
454 834 587 914 gladlum
607 842 792 914 contumque
813 837 938 895 timebis

69 918 115 979 Et
136 925 236 978 motae
257 918 295 977 ad
315 918 419 979 lunam
441 918 612 998 trepidabis
635 918 793 979 arundlnls
813 920 965 980 umbram:

71 996 217 1062 Captabit
236 1020 346 1062 vacuus
369 1020 472 1062 coram
493 1001 614 1062 latrone
635 1005 744 1065 viator.

69 1085 176 1145 Prima
194 1086 263 1146 fere
285 1094 357 1146 vota
378 1093 410 1146 et
432 1089 550 1147 cunctis
571 1089 732 1147 notissima
752 1084 876 1166 templis

68 1168 218 1248 Divitiae,
240 1176 383 1230 crescant
403 1174 437 1231 ut
458 1188 555 1251 opes,
573 1178 607 1230 ut
629 1173 757 1232 maxima
776 1175 845 1230 toto

66 1254 183 1313 Nostra
203 1256 244 1314 sit
264 1274 336 1314 arca
355 1255 434 1316 foro.
479 1255 543 1315 Sed
563 1254 647 1316 nulla
669 1257 788 1315 aconita
810 1255 956 1315 bibuntur

65 1332 249 1414 Fictilibus}
270 1346 345 1398 tunc
366 1337 421 1398 illa
443 1340 534 1418 time,
557 1360 648 1420 quum
668 1339 779 1421 pocula
800 1357 903 1399 sumes

66 1420 229 1483 (lemmata
251 1429 284 1482 et
304 1420 369 1483 lato
390 1423 530 1484 Setinum
549 1425 672 1485 ardebit
693 1427 725 1485 ln
746 1440 829 1483 auro,

7 1518 8 1521 ’
65 1506 169 1567 lamne
191 1509 287 1586 igitur
306 1505 431 1585 laudas,
454 1508 537 1586 quod
558 1508 598 1568 de
619 1509 811 1589 sapientibus
830 1505 912 1567 alter

7 1622 8 1625 ¹
64 1589 217 1671 Ridebat,
240 1594 363 1671 quoties
384 1591 524 1652 alimine
546 1601 684 1653 moverat
704 1609 796 1651 unum

64 1673 308 1755 Protuleratque
329 1675 457 1757 pedem,
480 1678 575 1737 flebat
596 1677 769 1737 contrarius
790 1671 893 1734 alter‘.l

65 1757 132 1819 Sed
150 1757 252 1819 facilia
274 1761 367 1821 cuivis
388 1759 483 1839 rigidi
504 1779 634 1821 censura
655 1760 813 1820 cachinni:

63 1840 245 1904 Mirandum
265 1851 329 1922 est,
351 1843 434 1905 unde
453 1844 509 1905 ille
530 1845 628 1905 oculis
650 1844 813 1905 suffecerit
834 1842 953 1902 humor.

64 1925 225 2007 Perpetuo
246 1929 310 1988 risu
330 1927 506 2009 pulmonem
527 1931 644 2008 agitare
666 1927 788 1990 solebat

35 2012 39 2017 “
63 2011 278 2089 Democritus,
301 2033 481 2097 quamquam
502 2033 564 2073 non
585 2019 691 2074 essent
709 2013 837 2073 urbibus
855 2009 918 2070 illis

63 2092 231 2155 Praetexta
252 2101 284 2156 et
306 2100 450 2177 trabeae,
471 2098 588 2178 fasces,
609 2097 740 2176 lectica,
762 2094 908 2159 tribunal.

64 2177 164 2257 Quid,
187 2182 213 2239 si
233 2180 363 2241 vidisset
382 2187 560 2263 praetorem
582 2185 723 2244 curribus
746 2180 818 2241 altls

62 2262 245 2324 Exatantem
266 2272 299 2326 et
319 2266 422 2326 medio
443 2267 604 2328 sublimem
623 2270 657 2327 in
677 2265 807 2347 pulvere
828 2266 905 2325 circi

63 2347 100 2406 ln
119 2348 222 2407 tunica
242 2349 321 2409 Iovis
343 2356 375 2410 et
394 2353 497 2430 pictae
519 2352 651 2411 Sarrana
671 2351 827 2409 ferentem

11 2506 14 2515 Ι
62 2430 112 2492 Ex
132 2431 268 2492 humeris
290 2433 396 2494 aulaea
417 2442 508 2513 togae
529 2450 717 2513 magnaeque
737 2448 869 2492 coronae

31 2528 36 2539 ¹
63 2515 200 2575 Tantum
222 2520 345 2595 orbem,
369 2526 482 2597 quanto
503 2521 606 2580 cervix
627 2537 689 2578 non
711 2516 826 2577 culdelt
845 2514 931 2576 ullai

8 2660 11 2687 ,ι
61 2601 187 2742 3uippe
208 2606 296 2662 tenet
317 2601 430 2662 sudans
451 2605 529 2663 hanc
550 2602 692 2685 publicus
714 2609 762 2677 et,
783 2601 843 2660 sibi
864 2597 971 2661 consul

91 2702 110 2742 e
131 2683 271 2765 placeat,
294 2706 387 2746 curru
409 2705 515 2748 servus
536 2694 678 2768 portatur
698 2685 817 2747 eodem.

61 2767 109 2827 Da
128 2776 265 2829 nuncet
285 2770 456 2849 volucrem,
478 2780 602 2853 sceptro
626 2789 703 2850 quae
725 2771 824 2849 surgit
845 2771 981 2847 eburno,

59 2849 152 2912 Illinc
174 2856 364 2931 cornicines,
383 2856 457 2914 hinc
477 2856 696 2936 praecedentia
716 2855 802 2932 longi

59 2936 202 3014 Agmlnis
225 2938 327 2999 officia
346 2946 379 2999 et
400 2941 506 3019 niveos
527 2938 566 3000 ad
587 2941 676 3000 irena
698 2939 853 3015 Quirites,
1057 2945 1091 3000 lb

58 3019 194 3079 Defessa
212 3022 246 3080 in
265 3021 375 3097 loculis
395 3042 471 3102 quos
492 3023 631 3104 sportula
651 3025 729 3084 fecit
750 3023 872 3083 amicos.

60 3103 153 3163 Tunc
176 3123 299 3185 quoquc
319 3109 479 3169 materiam
497 3110 577 3168 risus
597 3109 716 3167 invenit
736 3105 775 3166 ad
793 3123 899 3166 omues

58 3187 216 3248 Occursus
236 3191 517 3270 hominum,·cuius
537 3192 702 3272 prudentia
718 3196 884 3269 monstrat,

58 3271 202 3331 Summos
222 3290 314 3353 posse
334 3276 418 3335 viros
439 3284 472 3337 et
492 3295 598 3355 magua
621 3274 760 3355 exempla
781 3275 907 3336 daturos

57 3356 236 3418 Verveaum
255 3359 289 3417 in
310 3361 410 3438 patria
431 3378 595 3441 crassoque
617 3363 672 3421 sub
695 3377 768 3420 aere
786 3360 880 3421 nasci.
1054 3368 1089 3422 5⁰

55 3438 195 3509 Ridebat
216 3461 320 3519 curas,
342 3460 482 3505 necnon
503 3453 536 3507 et
557 3446 666 3524 gaudia
685 3443 784 3522 vulgl,

55 3523 218 3584 Interdum
241 3533 274 3586 et
293 3526 453 3609 lacrimas,
476 3550 566 3610 quum
588 3531 745 3589 Fortunae
768 3530 836 3607 ipse
852 3527 963 3585 minaci
1079 3612 1081 3618 Ι

101 3624 164 3670 mv.
188 3624 254 3667 sau.
900 3618 917 3668 5
