2542 3900
491 219 690 287 SATIRA
716 222 754 285 X.
1096 225 1136 294 73

107 391 289 463 illationum
307 405 378 455 nox
396 405 491 466 quum
509 386 635 453 dederit
654 387 786 453 Servilio
803 409 961 473 nummos,

107 476 180 537 Fiet
201 480 235 534 et
253 471 356 549 illius,
378 491 466 549 quem
487 491 550 541 sou
570 479 665 552 amat,
688 481 780 537 exuet
800 495 921 538 omnem
1082 488 1135 547 uuo

110 560 261 639 Corporis
284 560 439 630 crustum
462 555 536 634 quid
557 559 639 621 enim
657 556 722 621 ulla
741 562 901 638 negaverit
920 560 990 625 udis

106 643 306 722 Inguinibus,
327 640 389 700 sive
410 646 460 700 est
478 641 556 703 haec
576 642 677 723 Oppio
699 645 763 705 slve
784 643 906 721 Gptulla

106 725 281 788 Deterior?
301 730 383 784 totos
401 725 497 793 habet
515 722 581 789 illic
600 725 717 789 femiae
734 745 847 795 mores.

110 808 177 870 Sed
199 816 280 869 casto
302 807 376 888 quid
396 809 496 871 forma
514 810 631 870 uoceti
650 811 725 889 quid
742 812 861 891 profuit
880 814 971 875 immo

108 890 281 974 Hippolyto
303 910 394 970 grave
415 894 629 975 propositum?
651 893 725 973 quid
738 895 995 977 Bellerophonti?
1079 905 1131 967 325
1260 914 1262 925 “

109 978 242 1040 Erubuit
261 993 373 1056 nempe
393 978 487 1054 haec,
509 996 567 1039 ceu
586 977 740 1057 fastidito,
760 979 902 1061 repulsa3

109 1062 177 1123 Nec
198 1061 394 1123 Stheneboea
414 1062 514 1128 minus
537 1081 627 1141 quom
648 1063 761 1125 Cressa
782 1064 960 1143 excanduit,
982 1072 1015 1131 et
1035 1084 1069 1129 se

110 1146 303 1208 concussere
324 1147 437 1207 ambae.
481 1144 599 1212 Mulier
620 1149 795 1210 saevissima
814 1154 888 1211 tunc
910 1156 974 1227 est,

108 1231 208 1308 Quum
225 1229 364 1289 stimulos
387 1228 457 1289 odio
478 1229 578 1309 pudor
600 1229 748 1295 admovet.
791 1231 896 1311 Elige,
917 1233 1060 1313 quidnam

107 1312 304 1374 Suadendum
326 1331 394 1373 csse
416 1318 522 1394 putes,
544 1315 593 1375 cui
613 1316 731 1377 nubere
751 1318 892 1378 Caesaris
910 1338 986 1380 uxor
1079 1327 1131 1382 330
1188 1387 1192 1391 ,

105 1400 256 1459 Destinat.
302 1398 442 1478 Optimus
462 1398 513 1457 blc
533 1405 566 1458 et
586 1398 823 1461 formosissimus
843 1401 927 1462 idem
982 1392 985 1398 ’

106 1484 217 1544 Gentis
239 1483 388 1562 patriciae
409 1482 528 1563 rapitur
546 1484 642 1543 miser
662 1484 900 1563 exstinguendus

9 1530 11 1589 l
103 1567 292 1628 Messalinae
314 1565 427 1641 oculis3
449 1565 563 1626 dudum
581 1566 671 1626 sedet
691 1566 746 1626 illu
765 1574 873 1648 parato

9 1708 10 1711 ,
104 1649 265 1712 Flameolo
286 1649 460 1730 Tyriusque
479 1648 581 1730 pulum
602 1648 731 1729 genialia
752 1652 786 1713 iu
806 1652 906 1713 hortis

9 1736 10 1743 ’
107 1734 282 1812 Sternitur,
303 1740 336 1795 et
354 1736 417 1797 ritu
438 1732 543 1799 decios
565 1741 696 1797 centeno
716 1734 870 1801 dabuntur
1078 1746 1130 1803 355

106 1819 260 1896 Antiquo‚
280 1819 383 1879 veniet
405 1839 474 1881 cum
494 1820 700 1897 signatoribus
722 1837 843 1899 auspex.

9 1920 10 1929 ¹
107 1903 195 1963 llaec
215 1909 249 1962 tu
270 1910 391 1967 secretu
407 1909 440 1963 et
458 1904 564 1983 paucis
586 1903 745 1967 commissa
764 1904 913 1983 putabas?

105 1986 176 2048 Non
195 1986 257 2049 uisi
275 1983 412 2064 legitime
434 1987 498 2053 vult
516 1989 643 2048 nubere.
688 1986 770 2064 Quid
789 1986 925 2068 placeat,
947 1985 1010 2049 dic:

103 2071 146 2132 Ni
164 2069 389 2151 permovens,
409 2071 603 2152 pereundum
622 2077 672 2135 est
692 2078 763 2135 ante
783 2069 943 2148 luceruos3

105 2154 142 2215 Si
162 2152 262 2216 scelus
284 2153 443 2233 admittas,
465 2154 587 2221 dabitur
607 2176 694 2217 mora
713 2156 853 2237 parvula,
875 2156 946 2219 dum
964 2176 1016 2218 res
1077 2165 1132 2223 340

105 2239 187 2299 Nota
205 2240 275 2299 urbi
296 2246 329 2300 et
349 2239 462 2320 populo
482 2242 639 2318 contingat
659 2242 807 2320 principis
830 2259 928 2301 aures.

9 2390 10 2415 ¹
106 2320 249 2382 Dedecus
267 2321 324 2385 ille
346 2323 453 2385 domus
472 2325 551 2387 sciet
571 2323 711 2398 ultimus3
732 2324 854 2385 interea¹
872 2330 908 2383 tu

9 2418 10 2459 3
108 2406 288 2485 Obsequere
308 2409 456 2488 imperio,
478 2409 505 2468 si
525 2408 604 2469 muti
624 2409 686 2469 rita
707 2404 827 2467 dierum

105 2491 284 2553 Paucorum.
329 2490 486 2571 Quidquid
504 2489 614 2559 melius
633 2488 793 2569 leviusque
814 2491 947 2570 putaris,
1149 2511 1162 2543 ο

9 2612 10 2617 1
105 2574 287 2636 Praebenda
308 2582 356 2639 est
376 2575 477 2654 gladio
498 2574 628 2656 pulchro
644 2576 725 2637 baec
745 2581 778 2635 et
796 2573 925 2638 condida
945 2577 1055 2639 cervix.
1076 2583 1129 2639 545

145 2658 198 2720 Nil
219 2677 293 2739 ergo
315 2662 464 2741 optabunt
483 2660 647 2723 homims‘t
669 2659 703 2719 Si
724 2658 886 2721 consilium
906 2661 969 2739 vis,

103 2744 272 2804 Permittes
290 2745 366 2825 ipsis
387 2744 564 2824 expendere
585 2744 776 2821 numinibus,
799 2743 873 2823 quid

9 2842 10 2869 l
105 2828 277 2890 Conveniat
298 2829 389 2893 nobis
409 2830 564 2908 rebusque
585 2829 627 2891 sit
647 2827 724 2889 utile
745 2829 871 2890 uostris.

102 2912 180 2973 Nam
200 2931 258 2992 pro
279 2912 420 2979 iucundis
441 2913 597 2992 aptissima
618 2929 757 2992 quaeque
780 2910 896 2973 dabunt
917 2907 959 2973 di.

9 3026 10 3075 1
104 2996 215 3059 carior
236 3003 285 3061 ost
304 2996 369 3063 illis
389 2998 496 3073 homo,
517 3016 606 3075 quum
626 2996 695 3058 sibi.
736 2995 801 3057 Nos
821 2996 989 3061 acinorum
1077 3003 1129 3057 350

101 3078 240 3161 impulsu
260 3086 293 3141 et
313 3100 404 3165 caeca
422 3098 590 3159 magnaque
610 3078 754 3160 cupidine
774 3077 859 3141 ducti

103 3165 287 3243 Coniugium
308 3167 442 3246 petimus
461 3171 643 3245 portumque
664 3166 784 3238 uxoris3
806 3161 920 3227 stillis

101 3248 233 3327 Notum,
256 3249 309 3327 qui
329 3251 421 3329 pueri
442 3247 602 3328 qualisque
621 3248 725 3312 futura
746 3248 787 3311 sit
805 3266 891 3309 uxor.

101 3332 147 3392 Ut
167 3340 271 3395 tamen
291 3338 325 3397 ot
344 3352 453 3413 posces
472 3331 588 3412 aliquid
608 3350 777 3410 voveasque
799 3329 922 3393 sacellis

65 3472 67 3476 .
102 3417 182 3491 Extp
203 3423 237 3477 et
258 3414 415 3478 candiduli
436 3415 537 3479 urina
556 3413 709 3479 tomacula
728 3418 833 3496 porci,
1078 3419 1131 3477 355

103 3498 262 3563 orandum
283 3507 349 3582 ott,
371 3506 406 3563 ut
427 3501 468 3561 sit
486 3520 573 3569 mens
594 3520 667 3565 saue
687 3501 719 3567 iu
743 3517 874 3580 corpore
895 3517 978 3558 sano.
