2530 3900
163 225 229 262 arur
512 200 638 259 vetitae
655 205 839 261 unctiones

164 346 373 410 insequentibus
389 343 551 409 perticipium
567 341 657 402 Erasi,
675 356 756 392 noree
771 341 940 407 appositionis
958 342 1046 402 irater,
1065 342 1196 405 prioribus
1252 330 1253 337 ἵ

155 412 274 479 'denique
292 414 440 468 ennouitur.
455 439 491 451 -·
508 427 533 462 v.
550 407 582 461 17
598 411 707 476 nqeue
724 413 797 460 mucre
814 409 917 475 plurimi
934 410 1005 469 libri;
1023 410 1067 459 ulii
1084 413 1196 464 scribere
1252 456 1253 465 ,

164 484 308 535 meluerunt
320 483 430 546 subruitis
445 486 525 533 tetus:
541 495 592 530 uon
610 480 716 529 multum
734 477 824 530 differt.
837 505 873 518 ·-
883 494 910 529 r.
924 474 957 528 13
972 480 999 528 iu
1012 480 1128 530 omnibus
1142 481 1197 534 lore

165 553 296 604 codicibus
313 552 366 618 legi
381 550 476 611 nous,
494 555 592 599 constet
608 550 674 599 iuter
692 547 813 598 eruditos.
846 548 959 614 Egregie
973 556 1197 602 reuocet-emen-

165 622 234 672 detio
256 620 361 680 Erant,
391 621 437 671 sed
459 633 521 667 uum
544 618 719 668 emendatione
740 631 806 681 opus
831 617 878 678 sit,
905 617 1044 680 queeritur.
1083 617 1198 671 Tolerari

163 695 249 756 potest
264 695 329 740 certe
346 690 416 755 apud
431 687 575 738 Iuvenalem
592 687 753 751 participium
768 685 883 744 Boreum
905 684 1034 745 similiter,
1051 693 1080 737 ut
1097 687 1197 740 Medei-

164 760 201 825 gii
219 774 251 809 ex
269 757 363 824 Opusc.
381 758 463 807 Acud.
480 756 509 808 Τ.
528 758 558 806 ll.
577 771 603 821 p.
623 752 675 808 172
692 755 776 805 verbis
794 760 863 814 uter,
882 755 951 819 opud
967 753 1107 805 Palladium
1125 760 1197 808 inca-

164 843 223 889 rus,
245 828 316 893 epod
338 826 519 876 Tertullianum
542 839 663 876 excessus
670 861 678 886 ,
699 824 768 889 apud
785 824 945 873 Ammianum
965 838 1089 885 percurres
1111 825 1195 892 leges.

164 898 225 946 Post
246 896 328 946 Evasi
347 896 492 946 necessario
514 895 659 960 interpungi
682 893 770 953 debet,
794 894 844 941 iem
864 893 931 942 enim
948 893 1088 942 accuratior
1105 897 1197 961 incipit

165 966 310 1029 descriptio.
326 990 361 1002 —
378 979 405 1013 v.
417 960 452 1014 23
467 966 492 1015 si
509 964 608 1028 wando
624 964 736 1013 omnium
749 962 864 1012 codicum
876 962 1013 1013 auotorites
1024 970 1119 1024 tuetur;
1138 964 1197 1016 fue·

163 1041 223 1083 runt
238 1041 336 1093 mmen,
361 1034 468 1095 quisue
485 1034 634 1083 auctoritate
651 1032 762 1082 scribere
779 1031 884 1081 mallent
899 1046 971 1095 qaum
988 1032 1095 1096 qumodo
1114 1057 1150 1071 ·-
1167 1049 1195 1083 v.

163 1100 199 1154 26
215 1101 333 1151 Heinrich
350 1102 435 1151 Anim.
451 1103 479 1151 in
496 1110 562 1152 auct.
579 1109 629 1151 vet.
643 1115 670 1165 p.
685 1098 737 1151 110
755 1100 863 1153 coniecit
877 1099 943 1163 fors.
963 1124 998 1136 -
1014 1116 1038 1150 v.
1051 1097 1086 1161 30
1102 1101 1196 1166 pleris-

164 1186 215 1234 que
232 1171 316 1219 visum
331 1177 383 1230 cst,
401 1178 459 1236 post
476 1172 525 1220 iam
542 1171 664 1228 incidere;
681 1170 766 1234 aptius
778 1168 929 1233 particulam
941 1183 1000 1218 curn
1012 1168 1120 1220 ablativo
1133 1185 1197 1219 con-

164 1240 311 1301 sequentius
327 1240 400 1305 iungi
416 1239 622 1290 crediderim.—
633 1254 660 1291 r.
672 1234 708 1289 32
726 1237 835 1288 Arboris
853 1240 967 1288 incertae
984 1252 1046 1287 vere
1063 1240 1148 1301 utique
1166 1254 1197 1289 eo

164 1308 277 1374 genuine
292 1316 331 1358 est
347 1307 431 1359 lectio.
450 1307 518 1358 Haec
532 1308 611 1357 verbe
627 1307 734 1357 multum
748 1322 778 1356 ac
794 1308 863 1357 vario
878 1314 973 1356 tentste
990 1308 1197 1358 commodissime

164 1377 199 1428 ed
217 1377 357 1442 genitivum
371 1379 466 1440 puppis
483 1376 639 1436 reici-nutum
662 1382 702 1425 est
719 1376 788 1424 enim
805 1376 931 1426 rhetorica
949 1376 1074 1438 quaedam
1091 1378 1196 1441 apposi-

163 1447 210 1502 tio.
229 1471 265 1484 -
281 1462 308 1495 v.
328 1442 364 1498 33
387 1446 517 1510 conferret
531 1444 637 1506 retinui,
658 1458 711 1493 non
732 1444 817 1494 tamen
838 1446 875 1495 itu
892 1445 1035 1506 intercedo,
1060 1446 1196 1507 quominus

160 1530 236 1580 ¹quorun
252 1516 336 1578 ferret
351 1516 489 1573 scribatur3
509 1515 546 1564 sic
563 1514 631 1564 enim
648 1511 702 1562 lere
719 1513 825 1564 dimidie
842 1514 959 1563 codicum
975 1528 1042 1578 pars.
1060 1538 1096 1550 -
1115 1529 1140 1563 v.
1159 1511 1196 1566 st

164 1584 275 1636 eurora
294 1585 348 1634 sine
365 1584 457 1633 idonea
474 1598 565 1634 ceussu
582 1582 693 1633 scribere
709 1582 800 1635 meluit
810 1583 909 1648 Koenig
922 1583 953 1633 de
965 1580 1016 1634 Sat.
1025 1581 1100 1632 Rom.
1112 1596 1139 1646 p.
1148 1580 1196 1635 81.

164 1679 200 1691 -·
216 1668 241 1702 v.
254 1649 289 1704 36
309 1651 426 1702 Tertiurli
442 1654 552 1711 restitui;
571 1667 631 1702 num
648 1650 724 1701 lectio
742 1651 920 1703 Testicutorecn
934 1651 1137 1703 emendationem
1151 1665 1195 1701 su-

163 1724 203 1787 pit
224 1737 327 1781 eorum,
352 1723 397 1784 qni
414 1721 512 1774 hiatum
533 1720 646 1771 luvenuli
666 1718 819 1770 familiarem
838 1736 895 1772 esse
918 1736 969 1771 non
987 1726 1140 1786 reputarent.
1159 1745 1196 1759 -

163 1806 189 1840 v.
205 1787 241 1841 44
259 1798 353 1841 temere
368 1791 473 1855 Ruperti
487 1791 596 1841 coniecit
606 1788 770 1840 Partheniae.
789 1790 912 1840 Inutiliter
925 1791 994 1840 idem
1006 1805 1030 1839 v.
1046 1785 1081 1839 53
1096 1788 1197 1838 Dareta

162 1862 257 1911 imant.
275 1885 311 1899 ·-
326 1876 351 1914 r.
370 1857 406 1912 54
423 1860 532 1912 Decidit.
555 1858 617 1911 Non
637 1857 717 1908 multo
736 1860 847 1910 deterius
866 1867 904 1909 est
920 1859 1029 1919 Recidit.
1055 1858 1085 1907 ln
1105 1872 1195 1907 versus

164 1932 236 1979 exitu
251 1928 389 1993 legendum
408 1936 555 1989 uetuere,
574 1928 699 1992 particula
719 1930 787 1978 enim
803 1928 880 1978 huius
896 1928 1057 1992 potissimum
1075 1926 1124 1976 loci
1142 1934 1194 1984 est;

163 1997 199 2047 cl.
217 1997 300 2046 liend.
318 1996 391 2051 Turs.
409 1996 437 2045 Τ.
449 1998 469 2046 Ι.
487 2011 513 2061 p.
532 1993 593 2048 480.
611 2013 638 2049 n.
657 1992 684 2046 7.
721 1997 751 2046 ld
768 2004 812 2045 aut
834 1996 972 2045 nescivisse
990 2001 1033 2043 eut
1050 2010 1102 2044 non
1119 2010 1196 2060 repu-

162 2073 233 2116 tasse
251 2065 383 2126 videntur,
408 2067 452 2129 qui
468 2066 517 2116 hoo
540 2066 628 2116 revel
646 2064 692 2114 boc
710 2081 739 2115 ee
757 2065 866 2114 scribere
884 2062 1036 2114 meluerunt.
1058 2088 1095 2100 -
1117 2079 1142 2114 r.
1162 2061 1197 2115 55

163 2141 294 2199 reposuere
310 2149 357 2199 pro
371 2135 528 2185 substentivo
542 2140 567 2184 et
580 2136 693 2185 subiecto
709 2134 781 2183 verbi
796 2131 830 2182 Se
843 2133 956 2195 explicat
970 2132 1123 2182 sumendum
1139 2134 1196 2187 erit.

163 2205 224 2253 Post
241 2204 390 2254 demoreris
404 2205 489 2254 ultim
504 2205 647 2254 necessario
664 2203 743 2253 incidi
762 2202 849 2258 debet;
868 2200 901 2250 ci.
915 2198 967 2250 Set.
977 2201 1009 2262 V,
1021 2196 1068 2259 18;
1083 2200 1140 2261 XV,
1150 2197 1194 2253 95.

162 2273 299 2338 Perpetem
317 2271 391 2322 multi
408 2275 492 2323 ιιὶιίηια
513 2280 541 2322 ut
560 2271 688 2337 epitheton
707 2288 764 2321 cum
785 2270 923 2321 Praesidio
944 2270 1088 2320 iunxerunt.
1110 2295 1145 2306 -
1166 2286 1193 2319 v.

163 2338 347 2407 cingemus
365 2357 412 2407 pro
430 2343 515 2392 dolato
535 2342 624 2391 lacobs
642 2342 669 2391 iu
686 2340 807 2391 Matthiae
824 2340 898 2390 Misc.
916 2337 981 2404 phil.
1001 2341 1022 2394 I.
1040 2353 1067 2403 p.
1083 2335 1119 2390 96
1136 2353 1196 2389 con·

163 2411 222 2461 iecit
238 2412 334 2462 doloso.
355 2437 391 2449 -
411 2427 436 2464 v.
454 2407 489 2461 bo
506 2412 612 2475 lupence
629 2410 671 2460 vel
689 2412 809 2474 lupoque:
827 2411 909 2458 variat
925 2407 1043 2459 vocubuli
1062 2409 1196 2472 scriptura.

162 2506 198 2518 -
215 2495 240 2528 v.
260 2477 295 2530 63
309 2480 411 2543 licebit,
430 2480 534 2545 opinor,
553 2486 612 2528 ente
630 2487 729 2543 etpost
745 2481 852 2529 rectoris
867 2477 986 2527 incidere.
1001 2502 1037 2516 ...
1055 2493 1078 2526 r.
1096 2473 1132 2528 68
1148 2492 1195 2526 eoc-

163 2550 241 2598 tenaz'e
256 2547 296 2597 vel
313 2550 478 2599 externiue-
492 2565 518 2597 v.
536 2543 572 2598 70
589 2548 784 2599 lluctueutlibri
801 2548 928 2598 intertum
945 2554 1053 2596 otnero.
1072 2571 1101 2582 -
1120 2561 1146 2593 v.
1160 2540 1195 2596 73

162 2617 284 2667 neratoe
302 2617 391 2666 Exstat
409 2624 539 2680 practerea
555 2617 705 2669 cremabile.
721 2643 757 2655 -
775 2632 800 2666 v.
820 2612 854 2668 76
870 2630 960 2666 nereus
976 2616 1018 2667 rel
1034 2629 1140 2665 curcum.
1157 2640 1194 2653 -

162 2701 188 2735 v.
201 2683 235 2739 77
251 2687 342 2749 pelope
359 2694 493 2736 occurreret
509 2685 589 2736 medio
602 2686 754 2752 exqrrisitius
768 2686 901 2735 videbatur
913 2699 978 2745 esse,
992 2699 1068 2748 quum
1080 2691 1194 2743 currmt,

162 2753 222 2804 licet
239 2754 315 2804 facile
337 2755 486 2816 conoedem,
512 2755 540 2804 id
562 2770 663 2818 quoque
686 2769 737 2804 non
760 2754 844 2804 solum
867 2753 982 2815 tolerari,
1007 2767 1095 2803 verum
1118 2753 1196 2801 etiem

162 2824 267 2887 probori
284 2838 369 2888 posse.
388 2852 424 2864 -
441 2841 467 2878 v.
477 2821 513 2875 80
530 2823 632 2888 cymbae
649 2821 691 2873 rel
709 2823 819 2876 mendae
833 2849 868 2861 -
885 2838 911 2876 v.
920 2819 963 2874 81.
983 2822 1060 2873 Cuius
1079 2822 1194 2881 interest,

164 2892 281 2942 codicum
300 2908 388 2943 vocem
406 2894 508 2954 audire,
532 2894 563 2942 is·
572 2894 617 2943 vix
635 2893 759 2943 dubitabit
777 2894 886 2945 scribere
905 2891 974 2941 Turro
990 2893 1196 2954 stupeanteoiuu

163 2958 210 3023 (ci.
227 2960 300 3010 Orid.
314 2961 373 3015 Met.
391 2960 488 3023 1,3t4;
507 2960 553 3015 Sil.
563 2963 594 3011 lt.
605 2958 704 3027 Χ,89).
723 2961 876 3025 Plerumque
893 2962 1011 3023 scribitur
1029 2958 1088 3008 Tati
1103 2964 1196 3024 empna

162 3029 240 3079 rium.
269 3029 320 3080 Alii
339 3031 397 3082 libri
418 3032 466 3092 ibi,
487 3030 604 3082 aliialii:
624 3045 676 3081 non
695 3030 801 3082 multum
818 3032 905 3082 dietat.
921 3057 957 3069 -·
974 3046 998 3080 v.
1017 3026 1052 3079 92
1071 3035 1195 3091 operatur

162 3100 279 3164 servari,
297 3101 390 3164 spretis
407 3101 588 3151 mutationibus
605 3107 744 3163 operantur
761 3109 787 3150 et
799 3101 920 3163 operitur.
937 3125 973 3136 -
989 3115 1014 3150 v.
1028 3097 1063 3151 93
1079 3097 1195 3147 Necnon

163 3182 229 3233 opus
244 3176 283 3217 est
297 3176 395 3220 mutare
411 3171 439 3219 in
456 3169 512 3219 Neu
528 3168 570 3220 vel
587 3168 634 3219 Ne.
649 3195 685 3207 -
700 3185 724 3221 r.
736 3166 771 3222 99
787 3168 971 3219 incommodior
986 3169 1097 3231 quidem,
1115 3180 1195 3228 quum

163 3235 301 3302 singularis
324 3240 456 3292 antecedat
474 3241 590 3302 coeperit
602 3241 726 3301 locrcptes,
749 3239 796 3291 scd
814 3237 954 3287 tolerabilis
975 3238 1063 3305 utiquo
1084 3241 1123 3283 cst
1147 3249 1194 3302 up-

161 3306 257 3369 positio
272 3307 337 3357 orbi.
361 3306 478 3358 Ceterum
494 3307 536 3358 hic
553 3323 662 3371 quoque,
679 3315 708 3357 ut
726 3306 779 3357 Set.
796 3307 841 3368 xi,
857 3303 900 3367 34,
915 3307 992 3356 liceat
1009 3307 1118 3356 fortusse
1136 3314 1195 3358 unte

162 3374 219 3424 orbi
237 3377 365 3436 incidere,
390 3376 427 3426 ite
446 3383 475 3427 ut
493 3391 540 3441 pro
557 3377 668 3443 genitivo
688 3384 803 3427 sumetur
825 3390 883 3425 oum
905 3376 1119 3438 sequentibusque
1136 3376 1193 3427 iun·

163 3450 251 3512 gutur,
270 3459 424 3510 quamquam
441 3446 511 3497 haud
529 3445 652 3508 diffiteor,
674 3445 751 3512 paulo
775 3445 905 3496 duriorem
927 3445 1034 3495 existere
1057 3448 1193 3497 sententie-

162 3525 220 3562 rtsm
240 3530 343 3570 nexum.
362 3541 397 3555 -
418 3532 444 3569 v.
466 3514 517 3568 100
540 3515 629 3567 libelle
650 3531 665 3566 e
688 3514 819 3566 codicibus
842 3514 942 3566 restitui
965 3527 1011 3579 pro
1032 3512 1141 3566 tabellio.
1157 3543 1192 3556 -
