<?xml version="1.0" encoding="UTF-8"?>
<!DOCTYPE html PUBLIC "-//W3C//DTD XHTML 1.0 Transitional//EN"
    "http://www.w3.org/TR/xhtml1/DTD/xhtml1-transitional.dtd">
<html xmlns="http://www.w3.org/1999/xhtml" xml:lang="en" lang="en">
 <head>
  <title>
</title>
<meta http-equiv="Content-Type" content="text/html;charset=utf-8" />
  <meta name='ocr-system' content='tesseract 3.04.00' />
  <meta name='ocr-capabilities' content='ocr_page ocr_carea ocr_par ocr_line ocrx_word'/>
</head>
<body>
  <div class='ocr_page' id='page_1' title='image "./diuniiiuvenalis00haecgoog_0010.png"; bbox 0 0 2530 3900; ppageno 0'>
   <div class='ocr_carea' id='block_1_1' title="bbox 301 646 815 757">
    <p class='ocr_par' dir='ltr' id='par_1_1' title="bbox 301 646 815 757">
     <span class='ocr_line' id='line_1_1' title="bbox 301 646 815 757; baseline -0.008 0"><span class='ocrx_word' id='word_1_1' title='bbox 301 646 310 757; x_wconf 77' lang='lat' dir='ltr'>f</span> <span class='ocrx_word' id='word_1_2' title='bbox 390 657 555 756; x_wconf 77' lang='lat' dir='ltr'><strong>lllllld</strong></span> <span class='ocrx_word' id='word_1_3' title='bbox 580 657 815 756; x_wconf 79' lang='lat' dir='ltr'><strong>llldlllllldl.</strong></span> 
     </span>
    </p>
   </div>
   <div class='ocr_carea' id='block_1_2' title="bbox 5 978 1214 3495">
    <p class='ocr_par' dir='ltr' id='par_1_2' title="bbox 87 978 1117 1216">
     <span class='ocr_line' id='line_1_2' title="bbox 89 978 1117 1075; baseline 0.005 -16"><span class='ocrx_word' id='word_1_4' title='bbox 89 978 176 1069; x_wconf 72' lang='lat' dir='ltr'><strong>lluum</strong></span> <span class='ocrx_word' id='word_1_5' title='bbox 191 1012 309 1075; x_wconf 84' lang='lat' dir='ltr'><strong>proximo</strong></span> <span class='ocrx_word' id='word_1_6' title='bbox 328 1010 420 1062; x_wconf 88' lang='lat' dir='ltr'><strong>abhinc</strong></span> <span class='ocrx_word' id='word_1_7' title='bbox 434 1027 499 1063; x_wconf 90' lang='lat' dir='ltr'><strong>anno</strong></span> <span class='ocrx_word' id='word_1_8' title='bbox 518 1027 534 1063; x_wconf 92' lang='lat' dir='ltr'><strong>a</strong></span> <span class='ocrx_word' id='word_1_9' title='bbox 551 1013 581 1066; x_wconf 88' lang='lat' dir='ltr'><strong>B.</strong></span> <span class='ocrx_word' id='word_1_10' title='bbox 596 1012 625 1063; x_wconf 79' lang='lat' dir='ltr'><strong>(i.</strong></span> <span class='ocrx_word' id='word_1_11' title='bbox 640 1011 786 1072; x_wconf 84' lang='lat' dir='ltr'><strong>Teubnero‚</strong></span> <span class='ocrx_word' id='word_1_12' title='bbox 801 1012 856 1062; x_wconf 79' lang='lat' dir='ltr'><strong>viro</strong></span> <span class='ocrx_word' id='word_1_13' title='bbox 871 1010 1065 1073; x_wconf 84' lang='lat' dir='ltr'><strong>honestissimo,</strong></span> <span class='ocrx_word' id='word_1_14' title='bbox 1080 1012 1117 1065; x_wconf 86' lang='lat' dir='ltr'><strong>ad</strong></span> 
     </span>
     <span class='ocr_line' id='line_1_3' title="bbox 88 1080 1116 1147; baseline -0.001 -16"><span class='ocrx_word' id='word_1_15' title='bbox 88 1081 302 1146; x_wconf 78' lang='lat' dir='ltr'><strong>recognoscendas</strong></span> <span class='ocrx_word' id='word_1_16' title='bbox 313 1081 439 1132; x_wconf 85' lang='lat' dir='ltr'><strong>Iuvenalis</strong></span> <span class='ocrx_word' id='word_1_17' title='bbox 453 1081 548 1133; x_wconf 84' lang='lat' dir='ltr'><strong>Satiras</strong></span> <span class='ocrx_word' id='word_1_18' title='bbox 565 1084 694 1143; x_wconf 77' lang='lat' dir='ltr'><strong>invitarer,</strong></span> <span class='ocrx_word' id='word_1_19' title='bbox 710 1082 830 1147; x_wconf 76' lang='lat' dir='ltr'><strong>rogitanti</strong></span> <span class='ocrx_word' id='word_1_20' title='bbox 842 1080 906 1130; x_wconf 90' lang='lat' dir='ltr'><strong>mihi</strong></span> <span class='ocrx_word' id='word_1_21' title='bbox 919 1081 1040 1132; x_wconf 86' lang='lat' dir='ltr'><strong>benevole</strong></span> <span class='ocrx_word' id='word_1_22' title='bbox 1054 1095 1116 1131; x_wconf 90' lang='lat' dir='ltr'><strong>con·</strong></span> 
     </span>
     <span class='ocr_line' id='line_1_4' title="bbox 87 1150 1117 1216; baseline -0.001 -15"><span class='ocrx_word' id='word_1_23' title='bbox 87 1164 185 1201; x_wconf 88' lang='lat' dir='ltr'><strong>cessum</strong></span> <span class='ocrx_word' id='word_1_24' title='bbox 203 1156 254 1216; x_wconf 85' lang='lat' dir='ltr'><strong>est,</strong></span> <span class='ocrx_word' id='word_1_25' title='bbox 271 1157 300 1199; x_wconf 87' lang='lat' dir='ltr'><strong>ut</strong></span> <span class='ocrx_word' id='word_1_26' title='bbox 315 1150 452 1201; x_wconf 89' lang='lat' dir='ltr'><strong>lectionum</strong></span> <span class='ocrx_word' id='word_1_27' title='bbox 470 1160 496 1202; x_wconf 89' lang='lat' dir='ltr'><strong>et</strong></span> <span class='ocrx_word' id='word_1_28' title='bbox 512 1155 695 1203; x_wconf 74' lang='lat' dir='ltr'><strong>correctionum</strong></span> <span class='ocrx_word' id='word_1_29' title='bbox 712 1165 825 1200; x_wconf 90' lang='lat' dir='ltr'><strong>mearum</strong></span> <span class='ocrx_word' id='word_1_30' title='bbox 838 1157 904 1200; x_wconf 89' lang='lat' dir='ltr'><strong>certe</strong></span> <span class='ocrx_word' id='word_1_31' title='bbox 916 1150 1057 1201; x_wconf 88' lang='lat' dir='ltr'><strong>indiculum</strong></span> <span class='ocrx_word' id='word_1_32' title='bbox 1068 1151 1117 1200; x_wconf 89' lang='lat' dir='ltr'><strong>ad·</strong></span> 
     </span>
    </p>

    <p class='ocr_par' dir='ltr' id='par_1_3' title="bbox 8 1218 1116 1755">
     <span class='ocr_line' id='line_1_5' title="bbox 8 1218 1116 1287; baseline -0.002 -17"><span class='ocrx_word' id='word_1_33' title='bbox 8 1252 9 1275; x_wconf 56' lang='lat'>1</span> <span class='ocrx_word' id='word_1_34' title='bbox 85 1221 143 1270; x_wconf 89' lang='lat' dir='ltr'><strong>dere</strong></span> <span class='ocrx_word' id='word_1_35' title='bbox 160 1218 254 1273; x_wconf 79' lang='lat' dir='ltr'><strong>liceret.</strong></span> <span class='ocrx_word' id='word_1_36' title='bbox 289 1220 319 1272; x_wconf 90' lang='lat' dir='ltr'><strong>Id</strong></span> <span class='ocrx_word' id='word_1_37' title='bbox 335 1235 376 1270; x_wconf 88' lang='lat' dir='ltr'><strong>res</strong></span> <span class='ocrx_word' id='word_1_38' title='bbox 392 1222 450 1286; x_wconf 87' lang='lat' dir='ltr'><strong>ipsa</strong></span> <span class='ocrx_word' id='word_1_39' title='bbox 466 1236 497 1271; x_wconf 94' lang='lat' dir='ltr'><strong>eo</strong></span> <span class='ocrx_word' id='word_1_40' title='bbox 515 1222 598 1287; x_wconf 77' lang='lat' dir='ltr'><strong>magis</strong></span> <span class='ocrx_word' id='word_1_41' title='bbox 615 1222 742 1284; x_wconf 74' lang='lat' dir='ltr'>requirere</span> <span class='ocrx_word' id='word_1_42' title='bbox 754 1220 902 1281; x_wconf 87' lang='lat' dir='ltr'><strong>videbatur,</strong></span> <span class='ocrx_word' id='word_1_43' title='bbox 918 1221 987 1283; x_wconf 90' lang='lat' dir='ltr'><strong>quod</strong></span> <span class='ocrx_word' id='word_1_44' title='bbox 999 1222 1031 1271; x_wconf 90' lang='lat' dir='ltr'><strong>ds</strong></span> <span class='ocrx_word' id='word_1_45' title='bbox 1048 1219 1116 1270; x_wconf 86' lang='lat' dir='ltr'><strong>mul·</strong></span> 
     </span>
     <span class='ocr_line' id='line_1_6' title="bbox 85 1286 1115 1356; baseline 0.001 -18"><span class='ocrx_word' id='word_1_46' title='bbox 85 1290 118 1338; x_wconf 87' lang='lat' dir='ltr'><strong>tis</strong></span> <span class='ocrx_word' id='word_1_47' title='bbox 136 1286 275 1337; x_wconf 77' lang='lat' dir='ltr'><strong>Satirarum</strong></span> <span class='ocrx_word' id='word_1_48' title='bbox 292 1288 358 1338; x_wconf 89' lang='lat' dir='ltr'><strong>loeis</strong></span> <span class='ocrx_word' id='word_1_49' title='bbox 375 1298 401 1339; x_wconf 90' lang='lat' dir='ltr'><strong>et</strong></span> <span class='ocrx_word' id='word_1_50' title='bbox 418 1289 533 1356; x_wconf 75' lang='lat' dir='ltr'><strong>legendis</strong></span> <span class='ocrx_word' id='word_1_51' title='bbox 557 1299 582 1340; x_wconf 92' lang='lat' dir='ltr'><strong>et</strong></span> <span class='ocrx_word' id='word_1_52' title='bbox 604 1289 762 1356; x_wconf 78' lang='lat' dir='ltr'><strong>explicandis</strong></span> <span class='ocrx_word' id='word_1_53' title='bbox 784 1288 860 1354; x_wconf 79' lang='lat' dir='ltr'><strong>longe</strong></span> <span class='ocrx_word' id='word_1_54' title='bbox 884 1288 953 1339; x_wconf 86' lang='lat' dir='ltr'><strong>alind</strong></span> <span class='ocrx_word' id='word_1_55' title='bbox 975 1290 1039 1339; x_wconf 90' lang='lat' dir='ltr'><strong>mibi</strong></span> <span class='ocrx_word' id='word_1_56' title='bbox 1056 1305 1115 1355; x_wconf 92' lang='lat' dir='ltr'><strong>per·</strong></span> 
     </span>
     <span class='ocr_line' id='line_1_7' title="bbox 85 1357 1114 1425; baseline 0 -17"><span class='ocrx_word' id='word_1_57' title='bbox 85 1371 188 1408; x_wconf 88' lang='lat' dir='ltr'><strong>suasum</strong></span> <span class='ocrx_word' id='word_1_58' title='bbox 201 1365 269 1419; x_wconf 87' lang='lat' dir='ltr'><strong>erat,</strong></span> <span class='ocrx_word' id='word_1_59' title='bbox 283 1373 360 1421; x_wconf 88' lang='lat' dir='ltr'><strong>quam</strong></span> <span class='ocrx_word' id='word_1_60' title='bbox 372 1360 541 1410; x_wconf 75' lang='lat' dir='ltr'><strong>recentiorum</strong></span> <span class='ocrx_word' id='word_1_61' title='bbox 553 1360 692 1425; x_wconf 83' lang='lat' dir='ltr'><strong>plerisque.</strong></span> <span class='ocrx_word' id='word_1_62' title='bbox 711 1357 810 1408; x_wconf 90' lang='lat' dir='ltr'><strong>Vellem</strong></span> <span class='ocrx_word' id='word_1_63' title='bbox 822 1373 882 1409; x_wconf 90' lang='lat' dir='ltr'><strong>sane</strong></span> <span class='ocrx_word' id='word_1_64' title='bbox 894 1357 1008 1408; x_wconf 83' lang='lat' dir='ltr'><strong>licuisset</strong></span> <span class='ocrx_word' id='word_1_65' title='bbox 1021 1360 1114 1418; x_wconf 84' lang='lat' dir='ltr'><strong>omnia,</strong></span> 
     </span>
     <span class='ocr_line' id='line_1_8' title="bbox 85 1426 1115 1494; baseline 0.002 -19"><span class='ocrx_word' id='word_1_66' title='bbox 85 1442 149 1491; x_wconf 88' lang='lat' dir='ltr'><strong>quae</strong></span> <span class='ocrx_word' id='word_1_67' title='bbox 171 1426 223 1475; x_wconf 87' lang='lat' dir='ltr'><strong>hue</strong></span> <span class='ocrx_word' id='word_1_68' title='bbox 244 1429 413 1494; x_wconf 80' lang='lat' dir='ltr'><strong>pertinerent,</strong></span> <span class='ocrx_word' id='word_1_69' title='bbox 438 1428 639 1480; x_wconf 88' lang='lat' dir='ltr'><strong>luculentissime</strong></span> <span class='ocrx_word' id='word_1_70' title='bbox 661 1442 817 1493; x_wconf 84' lang='lat' dir='ltr'><strong>proponere,</strong></span> <span class='ocrx_word' id='word_1_71' title='bbox 842 1429 889 1478; x_wconf 89' lang='lat' dir='ltr'><strong>sed</strong></span> <span class='ocrx_word' id='word_1_72' title='bbox 910 1428 1057 1493; x_wconf 89' lang='lat' dir='ltr'><strong>ampliorem</strong></span> <span class='ocrx_word' id='word_1_73' title='bbox 1082 1428 1115 1477; x_wconf 87' lang='lat' dir='ltr'><strong>de</strong></span> 
     </span>
     <span class='ocr_line' id='line_1_9' title="bbox 85 1495 1116 1564; baseline 0.001 -19"><span class='ocrx_word' id='word_1_74' title='bbox 85 1495 192 1561; x_wconf 81' lang='lat' dir='ltr'><strong>singulis</strong></span> <span class='ocrx_word' id='word_1_75' title='bbox 209 1496 273 1546; x_wconf 88' lang='lat' dir='ltr'><strong>loeis</strong></span> <span class='ocrx_word' id='word_1_76' title='bbox 290 1497 498 1563; x_wconf 79' lang='lat' dir='ltr'><strong>disceptationem</strong></span> <span class='ocrx_word' id='word_1_77' title='bbox 521 1500 604 1564; x_wconf 88' lang='lat' dir='ltr'><strong>ipsius</strong></span> <span class='ocrx_word' id='word_1_78' title='bbox 622 1497 702 1547; x_wconf 87' lang='lat' dir='ltr'><strong>libelli</strong></span> <span class='ocrx_word' id='word_1_79' title='bbox 719 1496 801 1547; x_wconf 85' lang='lat' dir='ltr'><strong>forma</strong></span> <span class='ocrx_word' id='word_1_80' title='bbox 818 1510 848 1546; x_wconf 92' lang='lat' dir='ltr'><strong>ae</strong></span> <span class='ocrx_word' id='word_1_81' title='bbox 864 1498 929 1547; x_wconf 88' lang='lat' dir='ltr'><strong>ratio</strong></span> <span class='ocrx_word' id='word_1_82' title='bbox 946 1511 1050 1561; x_wconf 89' lang='lat' dir='ltr'><strong>prorsus</strong></span> <span class='ocrx_word' id='word_1_83' title='bbox 1069 1511 1116 1546; x_wconf 79' lang='lat' dir='ltr'><strong>ex·</strong></span> 
     </span>
     <span class='ocr_line' id='line_1_10' title="bbox 84 1565 1116 1633; baseline 0.001 -18"><span class='ocrx_word' id='word_1_84' title='bbox 84 1566 209 1618; x_wconf 85' lang='lat' dir='ltr'><strong>eludebat.</strong></span> <span class='ocrx_word' id='word_1_85' title='bbox 245 1565 314 1624; x_wconf 83' lang='lat' dir='ltr'><strong>Quae</strong></span> <span class='ocrx_word' id='word_1_86' title='bbox 333 1575 416 1617; x_wconf 88' lang='lat' dir='ltr'><strong>autern</strong></span> <span class='ocrx_word' id='word_1_87' title='bbox 433 1567 476 1618; x_wconf 88' lang='lat' dir='ltr'><strong>hic</strong></span> <span class='ocrx_word' id='word_1_88' title='bbox 495 1568 527 1618; x_wconf 92' lang='lat' dir='ltr'><strong>ob</strong></span> <span class='ocrx_word' id='word_1_89' title='bbox 552 1569 629 1633; x_wconf 90' lang='lat' dir='ltr'><strong>spatii</strong></span> <span class='ocrx_word' id='word_1_90' title='bbox 647 1567 778 1632; x_wconf 79' lang='lat' dir='ltr'><strong>angustias</strong></span> <span class='ocrx_word' id='word_1_91' title='bbox 795 1567 905 1621; x_wconf 85' lang='lat' dir='ltr'><strong>breviter</strong></span> <span class='ocrx_word' id='word_1_92' title='bbox 922 1580 952 1615; x_wconf 89' lang='lat' dir='ltr'><strong>ao</strong></span> <span class='ocrx_word' id='word_1_93' title='bbox 970 1565 1116 1616; x_wconf 87' lang='lat' dir='ltr'><strong>summatim</strong></span> 
     </span>
     <span class='ocr_line' id='line_1_11' title="bbox 84 1634 1116 1702; baseline -0.001 -18"><span class='ocrx_word' id='word_1_94' title='bbox 84 1635 212 1697; x_wconf 88' lang='lat' dir='ltr'><strong>dicuutur,</strong></span> <span class='ocrx_word' id='word_1_95' title='bbox 232 1634 282 1685; x_wconf 90' lang='lat' dir='ltr'><strong>alio</strong></span> <span class='ocrx_word' id='word_1_96' title='bbox 299 1642 413 1702; x_wconf 89' lang='lat' dir='ltr'><strong>tempore</strong></span> <span class='ocrx_word' id='word_1_97' title='bbox 430 1645 456 1689; x_wconf 90' lang='lat' dir='ltr'><strong>et</strong></span> <span class='ocrx_word' id='word_1_98' title='bbox 472 1637 529 1688; x_wconf 89' lang='lat' dir='ltr'><strong>loeo</strong></span> <span class='ocrx_word' id='word_1_99' title='bbox 546 1637 698 1702; x_wconf 83' lang='lat' dir='ltr'><strong>explicatius</strong></span> <span class='ocrx_word' id='word_1_100' title='bbox 714 1650 782 1686; x_wconf 89' lang='lat' dir='ltr'><strong>ame</strong></span> <span class='ocrx_word' id='word_1_101' title='bbox 794 1635 925 1686; x_wconf 64' lang='lat' dir='ltr'><strong>dicentur}</strong></span> <span class='ocrx_word' id='word_1_102' title='bbox 943 1636 1044 1686; x_wconf 87' lang='lat' dir='ltr'><strong>interim</strong></span> <span class='ocrx_word' id='word_1_103' title='bbox 1057 1642 1116 1684; x_wconf 87' lang='lat' dir='ltr'><strong>tan·</strong></span> 
     </span>
     <span class='ocr_line' id='line_1_12' title="bbox 82 1703 391 1755; baseline 0.01 -3"><span class='ocrx_word' id='word_1_104' title='bbox 82 1712 137 1753; x_wconf 90' lang='lat' dir='ltr'><strong>tum</strong></span> <span class='ocrx_word' id='word_1_105' title='bbox 155 1703 254 1752; x_wconf 86' lang='lat' dir='ltr'><strong>dixisse</strong></span> <span class='ocrx_word' id='word_1_106' title='bbox 272 1703 391 1755; x_wconf 79' lang='lat' dir='ltr'><strong>sufficiat.</strong></span> 
     </span>
    </p>

    <p class='ocr_par' dir='ltr' id='par_1_4' title="bbox 82 1770 1116 1976">
     <span class='ocr_line' id='line_1_13' title="bbox 153 1770 1113 1841; baseline -0.001 -20"><span class='ocrx_word' id='word_1_107' title='bbox 153 1771 263 1822; x_wconf 88' lang='lat' dir='ltr'><strong>Satira</strong></span> <span class='ocrx_word' id='word_1_108' title='bbox 280 1774 300 1822; x_wconf 94' lang='grc' dir='ltr'><strong>Ι.</strong></span> <span class='ocrx_word' id='word_1_109' title='bbox 314 1790 340 1823; x_wconf 90' lang='lat' dir='ltr'><strong>v.</strong></span> <span class='ocrx_word' id='word_1_110' title='bbox 354 1772 371 1824; x_wconf 77' lang='lat'>2</span> <span class='ocrx_word' id='word_1_111' title='bbox 390 1776 541 1841; x_wconf 88' lang='lat' dir='ltr'><strong>scripturam</strong></span> <span class='ocrx_word' id='word_1_112' title='bbox 553 1775 631 1826; x_wconf 73' lang='lat' dir='ltr'><strong>Codri</strong></span> <span class='ocrx_word' id='word_1_113' title='bbox 646 1774 747 1827; x_wconf 62' lang='lat' dir='ltr'><strong>retinui.</strong></span> <span class='ocrx_word' id='word_1_114' title='bbox 760 1799 794 1810; x_wconf 93' lang='lat'>—</span> <span class='ocrx_word' id='word_1_115' title='bbox 809 1789 834 1823; x_wconf 83' lang='lat' dir='ltr'><strong>v.</strong></span> <span class='ocrx_word' id='word_1_116' title='bbox 847 1771 866 1824; x_wconf 78' lang='lat'><strong>3</strong></span> <span class='ocrx_word' id='word_1_117' title='bbox 879 1775 966 1837; x_wconf 80' lang='lat' dir='ltr'><strong>sprevi</strong></span> <span class='ocrx_word' id='word_1_118' title='bbox 977 1770 1113 1825; x_wconf 79' lang='lat' dir='ltr'><strong>Heinriohil</strong></span> 
     </span>
     <span class='ocr_line' id='line_1_14' title="bbox 83 1839 1115 1907; baseline -0.004 -16"><span class='ocrx_word' id='word_1_119' title='bbox 83 1842 285 1891; x_wconf 88' lang='lat' dir='ltr'><strong>emendationem</strong></span> <span class='ocrx_word' id='word_1_120' title='bbox 301 1843 449 1893; x_wconf 80' lang='lat' dir='ltr'><strong>centcceiit.</strong></span> <span class='ocrx_word' id='word_1_121' title='bbox 465 1869 501 1881; x_wconf 86' lang='lat'>-</span> <span class='ocrx_word' id='word_1_122' title='bbox 517 1860 543 1894; x_wconf 83' lang='lat' dir='ltr'><strong>v.</strong></span> <span class='ocrx_word' id='word_1_123' title='bbox 557 1841 574 1895; x_wconf 82' lang='lat'><strong>9</strong></span> <span class='ocrx_word' id='word_1_124' title='bbox 591 1844 698 1895; x_wconf 79' lang='lat' dir='ltr'><strong>Volcani</strong></span> <span class='ocrx_word' id='word_1_125' title='bbox 713 1844 740 1891; x_wconf 92' lang='lat' dir='ltr'><strong>iu</strong></span> <span class='ocrx_word' id='word_1_126' title='bbox 756 1842 885 1907; x_wconf 87' lang='lat' dir='ltr'><strong>plerisque</strong></span> <span class='ocrx_word' id='word_1_127' title='bbox 903 1839 1115 1903; x_wconf 65' lang='lat' dir='ltr'><strong>codicibuslegi-</strong></span> 
     </span>
     <span class='ocr_line' id='line_1_15' title="bbox 82 1905 1116 1976; baseline -0.004 -16"><span class='ocrx_word' id='word_1_128' title='bbox 82 1917 134 1960; x_wconf 87' lang='lat' dir='ltr'><strong>tur.</strong></span> <span class='ocrx_word' id='word_1_129' title='bbox 152 1936 187 1946; x_wconf 91' lang='lat'>—</span> <span class='ocrx_word' id='word_1_130' title='bbox 204 1924 228 1958; x_wconf 79' lang='lat' dir='ltr'><strong>r.</strong></span> <span class='ocrx_word' id='word_1_131' title='bbox 248 1907 283 1961; x_wconf 82' lang='lat'><strong>16</strong></span> <span class='ocrx_word' id='word_1_132' title='bbox 298 1909 393 1959; x_wconf 83' lang='lat' dir='ltr'><strong>Sullae.</strong></span> <span class='ocrx_word' id='word_1_133' title='bbox 420 1910 476 1960; x_wconf 87' lang='lat' dir='ltr'><strong>Non</strong></span> <span class='ocrx_word' id='word_1_134' title='bbox 492 1914 568 1976; x_wconf 86' lang='lat' dir='ltr'><strong>pauci</strong></span> <span class='ocrx_word' id='word_1_135' title='bbox 588 1912 647 1961; x_wconf 90' lang='lat' dir='ltr'><strong>libri</strong></span> <span class='ocrx_word' id='word_1_136' title='bbox 663 1912 719 1969; x_wconf 89' lang='lat' dir='ltr'><strong>hic,</strong></span> <span class='ocrx_word' id='word_1_137' title='bbox 730 1919 765 1959; x_wconf 90' lang='lat' dir='ltr'><strong>-ut</strong></span> <span class='ocrx_word' id='word_1_138' title='bbox 783 1910 835 1961; x_wconf 86' lang='lat' dir='ltr'><strong>Sat.</strong></span> <span class='ocrx_word' id='word_1_139' title='bbox 853 1909 884 1969; x_wconf 91' lang='lat' dir='ltr'><strong>ll,</strong></span> <span class='ocrx_word' id='word_1_140' title='bbox 903 1905 946 1969; x_wconf 73' lang='lat'><strong>28,</strong></span> <span class='ocrx_word' id='word_1_141' title='bbox 964 1906 1061 1973; x_wconf 57' lang='lat' dir='ltr'><strong>Swlue.</strong></span> <span class='ocrx_word' id='word_1_142' title='bbox 1078 1931 1116 1945; x_wconf 88' lang='lat'>-</span> 
     </span>
    </p>

    <p class='ocr_par' dir='ltr' id='par_1_5' title="bbox 5 1973 1214 3495">
     <span class='ocr_line' id='line_1_16' title="bbox 5 1973 1116 2046; baseline -0.003 -17"><span class='ocrx_word' id='word_1_143' title='bbox 5 2014 17 2043; x_wconf 68' lang='lat' dir='ltr'><strong>a</strong></span> <span class='ocrx_word' id='word_1_144' title='bbox 81 1995 105 2031; x_wconf 86' lang='lat' dir='ltr'><strong>v.</strong></span> <span class='ocrx_word' id='word_1_145' title='bbox 121 1976 158 2029; x_wconf 72' lang='grc'><strong>22</strong></span> <span class='ocrx_word' id='word_1_146' title='bbox 172 1975 276 2027; x_wconf 74' lang='lat' dir='ltr'><strong>Maeote</strong></span> <span class='ocrx_word' id='word_1_147' title='bbox 293 1977 334 2028; x_wconf 88' lang='lat' dir='ltr'><strong>vel</strong></span> <span class='ocrx_word' id='word_1_148' title='bbox 347 1978 442 2030; x_wconf 81' lang='lat' dir='ltr'><strong>Mevia.</strong></span> <span class='ocrx_word' id='word_1_149' title='bbox 462 1979 505 2030; x_wconf 89' lang='lat' dir='ltr'><strong>Sic</strong></span> <span class='ocrx_word' id='word_1_150' title='bbox 524 1982 614 2046; x_wconf 91' lang='lat' dir='ltr'><strong>optimi</strong></span> <span class='ocrx_word' id='word_1_151' title='bbox 632 1988 658 2030; x_wconf 89' lang='lat' dir='ltr'><strong>et</strong></span> <span class='ocrx_word' id='word_1_152' title='bbox 674 1980 845 2042; x_wconf 87' lang='lat' dir='ltr'><strong>antiquissimi</strong></span> <span class='ocrx_word' id='word_1_153' title='bbox 860 1979 971 2029; x_wconf 86' lang='lat' dir='ltr'><strong>codices.</strong></span> <span class='ocrx_word' id='word_1_154' title='bbox 989 2003 1023 2015; x_wconf 92' lang='lat'>-</span> <span class='ocrx_word' id='word_1_155' title='bbox 1040 1992 1066 2026; x_wconf 87' lang='lat' dir='ltr'><strong>v.</strong></span> <span class='ocrx_word' id='word_1_156' title='bbox 1079 1973 1116 2027; x_wconf 79' lang='lat'><strong>30</strong></span> 
     </span>
     <span class='ocr_line' id='line_1_17' title="bbox 81 2043 1119 2114; baseline 0.001 -17"><span class='ocrx_word' id='word_1_157' title='bbox 81 2055 141 2112; x_wconf 90' lang='lat' dir='ltr'><strong>post</strong></span> <span class='ocrx_word' id='word_1_158' title='bbox 159 2046 272 2097; x_wconf 59' lang='lat' dir='ltr'><strong>reddere</strong></span> <span class='ocrx_word' id='word_1_159' title='bbox 292 2051 416 2113; x_wconf 80' lang='lat' dir='ltr'><strong>puuctum</strong></span> <span class='ocrx_word' id='word_1_160' title='bbox 438 2051 549 2111; x_wconf 83' lang='lat' dir='ltr'><strong>mutari,</strong></span> <span class='ocrx_word' id='word_1_161' title='bbox 574 2051 691 2100; x_wconf 89' lang='lat' dir='ltr'><strong>omnibns</strong></span> <span class='ocrx_word' id='word_1_162' title='bbox 714 2049 798 2099; x_wconf 88' lang='lat' dir='ltr'><strong>adhuc</strong></span> <span class='ocrx_word' id='word_1_163' title='bbox 820 2049 962 2114; x_wconf 84' lang='lat' dir='ltr'><strong>probatum.</strong></span> <span class='ocrx_word' id='word_1_164' title='bbox 982 2072 1017 2084; x_wconf 95' lang='lat'>-</span> <span class='ocrx_word' id='word_1_165' title='bbox 1034 2062 1060 2096; x_wconf 86' lang='lat' dir='ltr'><strong>v.</strong></span> <span class='ocrx_word' id='word_1_166' title='bbox 1078 2043 1119 2098; x_wconf 87' lang='grc'><strong>46</strong></span> 
     </span>
     <span class='ocr_line' id='line_1_18' title="bbox 77 2113 1115 2182; baseline -0.001 -17"><span class='ocrx_word' id='word_1_167' title='bbox 77 2122 180 2179; x_wconf 81' lang='lat' dir='ltr'><strong>premat</strong></span> <span class='ocrx_word' id='word_1_168' title='bbox 197 2132 211 2166; x_wconf 92' lang='lat' dir='ltr'><strong>e</strong></span> <span class='ocrx_word' id='word_1_169' title='bbox 228 2116 298 2165; x_wconf 88' lang='lat' dir='ltr'><strong>libris</strong></span> <span class='ocrx_word' id='word_1_170' title='bbox 316 2118 500 2168; x_wconf 86' lang='lat' dir='ltr'><strong>restituendum</strong></span> <span class='ocrx_word' id='word_1_171' title='bbox 518 2120 590 2172; x_wconf 87' lang='lat' dir='ltr'><strong>duxi.</strong></span> <span class='ocrx_word' id='word_1_172' title='bbox 610 2140 644 2155; x_wconf 80' lang='lat'><strong>--</strong></span> <span class='ocrx_word' id='word_1_173' title='bbox 660 2135 685 2168; x_wconf 84' lang='lat' dir='ltr'><strong>v.</strong></span> <span class='ocrx_word' id='word_1_174' title='bbox 700 2113 734 2169; x_wconf 76' lang='lat'><strong>47</strong></span> <span class='ocrx_word' id='word_1_175' title='bbox 746 2119 778 2167; x_wconf 89' lang='lat' dir='ltr'><strong>-in</strong></span> <span class='ocrx_word' id='word_1_176' title='bbox 796 2116 880 2167; x_wconf 90' lang='lat' dir='ltr'><strong>locum</strong></span> <span class='ocrx_word' id='word_1_177' title='bbox 897 2117 1014 2182; x_wconf 82' lang='lat' dir='ltr'><strong>vulgatae</strong></span> <span class='ocrx_word' id='word_1_178' title='bbox 1033 2122 1060 2165; x_wconf 82' lang='lat' dir='ltr'><strong>et</strong></span> <span class='ocrx_word' id='word_1_179' title='bbox 1073 2130 1115 2164; x_wconf 90' lang='lat' dir='ltr'><strong>re·</strong></span> 
     </span>
     <span class='ocr_line' id='line_1_19' title="bbox 81 2183 1115 2238; baseline -0.002 -3"><span class='ocrx_word' id='word_1_180' title='bbox 81 2186 270 2237; x_wconf 74' lang='lat' dir='ltr'><strong>coronica-</strong></span> <span class='ocrx_word' id='word_1_181' title='bbox 281 2202 308 2236; x_wconf 83' lang='lat' dir='ltr'><strong>v.</strong></span> <span class='ocrx_word' id='word_1_182' title='bbox 323 2185 357 2237; x_wconf 85' lang='lat' dir='ltr'><strong>5‘r</strong></span> <span class='ocrx_word' id='word_1_183' title='bbox 375 2187 536 2238; x_wconf 83' lang='lat' dir='ltr'><strong>Herculeicc.</strong></span> <span class='ocrx_word' id='word_1_184' title='bbox 554 2187 625 2238; x_wconf 88' lang='lat' dir='ltr'><strong>lianc</strong></span> <span class='ocrx_word' id='word_1_185' title='bbox 641 2186 748 2237; x_wconf 84' lang='lat' dir='ltr'><strong>formam</strong></span> <span class='ocrx_word' id='word_1_186' title='bbox 764 2185 829 2236; x_wconf 86' lang='lat' dir='ltr'><strong>alias</strong></span> <span class='ocrx_word' id='word_1_187' title='bbox 848 2186 988 2236; x_wconf 91' lang='lat' dir='ltr'><strong>inauditam</strong></span> <span class='ocrx_word' id='word_1_188' title='bbox 1001 2183 1115 2234; x_wconf 78' lang='lat' dir='ltr'><strong>sed-lere</strong></span> 
     </span>
     <span class='ocr_line' id='line_1_20' title="bbox 83 2252 1116 2322; baseline 0.001 -20"><span class='ocrx_word' id='word_1_189' title='bbox 83 2255 195 2303; x_wconf 91' lang='lat' dir='ltr'><strong>omnium</strong></span> <span class='ocrx_word' id='word_1_190' title='bbox 213 2254 329 2305; x_wconf 90' lang='lat' dir='ltr'><strong>codicum</strong></span> <span class='ocrx_word' id='word_1_191' title='bbox 347 2257 495 2307; x_wconf 84' lang='lat' dir='ltr'><strong>auctoritate</strong></span> <span class='ocrx_word' id='word_1_192' title='bbox 513 2257 771 2322; x_wconf 65' lang='lat' dir='ltr'><strong>firmatamreposui,</strong></span> <span class='ocrx_word' id='word_1_193' title='bbox 791 2256 849 2305; x_wconf 88' lang='lat' dir='ltr'><strong>licet</strong></span> <span class='ocrx_word' id='word_1_194' title='bbox 865 2263 973 2305; x_wconf 90' lang='lat' dir='ltr'><strong>metrum</strong></span> <span class='ocrx_word' id='word_1_195' title='bbox 991 2252 1116 2316; x_wconf 78' lang='lat' dir='ltr'><strong>aliquate-</strong></span> 
     </span>
     <span class='ocr_line' id='line_1_21' title="bbox 81 2322 1115 2390; baseline -0.001 -19"><span class='ocrx_word' id='word_1_196' title='bbox 81 2336 131 2372; x_wconf 87' lang='lat' dir='ltr'><strong>nus</strong></span> <span class='ocrx_word' id='word_1_197' title='bbox 150 2323 255 2375; x_wconf 89' lang='lat' dir='ltr'><strong>laboret.</strong></span> <span class='ocrx_word' id='word_1_198' title='bbox 274 2350 308 2362; x_wconf 87' lang='lat'>-</span> <span class='ocrx_word' id='word_1_199' title='bbox 324 2341 350 2378; x_wconf 86' lang='lat' dir='ltr'><strong>v.</strong></span> <span class='ocrx_word' id='word_1_200' title='bbox 368 2322 402 2376; x_wconf 91' lang='grc'><strong>61</strong></span> <span class='ocrx_word' id='word_1_201' title='bbox 420 2326 499 2375; x_wconf 90' lang='lat' dir='ltr'><strong>malui</strong></span> <span class='ocrx_word' id='word_1_202' title='bbox 521 2340 588 2375; x_wconf 91' lang='lat' dir='ltr'><strong>nune</strong></span> <span class='ocrx_word' id='word_1_203' title='bbox 610 2334 668 2375; x_wconf 85' lang='lat' dir='ltr'><strong>ante</strong></span> <span class='ocrx_word' id='word_1_204' title='bbox 685 2340 742 2375; x_wconf 81' lang='lat' dir='ltr'><strong>nom</strong></span> <span class='ocrx_word' id='word_1_205' title='bbox 765 2326 935 2390; x_wconf 75' lang='lat' dir='ltr'><strong>distinguere,</strong></span> <span class='ocrx_word' id='word_1_206' title='bbox 960 2337 1115 2386; x_wconf 87' lang='lat' dir='ltr'><strong>quamquam</strong></span> 
     </span>
     <span class='ocr_line' id='line_1_22' title="bbox 81 2390 1201 2458; baseline -0.004 -17"><span class='ocrx_word' id='word_1_207' title='bbox 81 2391 159 2441; x_wconf 85' lang='lat' dir='ltr'><strong>iacile</strong></span> <span class='ocrx_word' id='word_1_208' title='bbox 177 2393 302 2454; x_wconf 88' lang='lat' dir='ltr'><strong>concedo,</strong></span> <span class='ocrx_word' id='word_1_209' title='bbox 320 2396 397 2444; x_wconf 83' lang='lat' dir='ltr'><strong>verba</strong></span> <span class='ocrx_word' id='word_1_210' title='bbox 412 2408 479 2458; x_wconf 78' lang='lat' dir='ltr'><strong>peter</strong></span> <span class='ocrx_word' id='word_1_211' title='bbox 495 2394 648 2445; x_wconf 80' lang='lat' dir='ltr'><strong>Automedon</strong></span> <span class='ocrx_word' id='word_1_212' title='bbox 665 2393 719 2444; x_wconf 88' lang='lat' dir='ltr'><strong>fere</strong></span> <span class='ocrx_word' id='word_1_213' title='bbox 737 2395 826 2445; x_wconf 89' lang='lat' dir='ltr'><strong>eodem</strong></span> <span class='ocrx_word' id='word_1_214' title='bbox 841 2395 895 2442; x_wconf 88' lang='lat' dir='ltr'><strong>iure</strong></span> <span class='ocrx_word' id='word_1_215' title='bbox 912 2407 968 2442; x_wconf 93' lang='lat' dir='ltr'><strong>cum</strong></span> <span class='ocrx_word' id='word_1_216' title='bbox 986 2390 1115 2452; x_wconf 84' lang='lat' dir='ltr'><strong>sequenti·</strong></span> <span class='ocrx_word' id='word_1_217' title='bbox 1198 2416 1201 2420; x_wconf 92' lang='lat'>·</span> 
     </span>
     <span class='ocr_line' id='line_1_23' title="bbox 81 2459 1116 2529; baseline -0.002 -20"><span class='ocrx_word' id='word_1_218' title='bbox 81 2462 130 2509; x_wconf 90' lang='lat' dir='ltr'><strong>bns</strong></span> <span class='ocrx_word' id='word_1_219' title='bbox 147 2463 219 2527; x_wconf 80' lang='lat' dir='ltr'><strong>iungi</strong></span> <span class='ocrx_word' id='word_1_220' title='bbox 235 2475 321 2526; x_wconf 90' lang='lat' dir='ltr'><strong>posse.</strong></span> <span class='ocrx_word' id='word_1_221' title='bbox 339 2488 374 2500; x_wconf 89' lang='lat'><em>-</em></span> <span class='ocrx_word' id='word_1_222' title='bbox 385 2478 416 2513; x_wconf 82' lang='lat' dir='ltr'><strong>r.</strong></span> <span class='ocrx_word' id='word_1_223' title='bbox 433 2460 468 2515; x_wconf 85' lang='grc'><strong>67</strong></span> <span class='ocrx_word' id='word_1_224' title='bbox 485 2471 544 2529; x_wconf 89' lang='lat' dir='ltr'><strong>post</strong></span> <span class='ocrx_word' id='word_1_225' title='bbox 561 2463 681 2529; x_wconf 77' lang='lat' dir='ltr'><strong>Sipnctor</strong></span> <span class='ocrx_word' id='word_1_226' title='bbox 697 2465 785 2525; x_wconf 83' lang='lat' dir='ltr'><strong>utique</strong></span> <span class='ocrx_word' id='word_1_227' title='bbox 804 2460 949 2527; x_wconf 74' lang='lat' dir='ltr'><strong>interpungi</strong></span> <span class='ocrx_word' id='word_1_228' title='bbox 967 2459 1054 2523; x_wconf 85' lang='lat' dir='ltr'><strong>debet,</strong></span> <span class='ocrx_word' id='word_1_229' title='bbox 1077 2459 1116 2508; x_wconf 89' lang='lat' dir='ltr'><strong>ita</strong></span> 
     </span>
     <span class='ocr_line' id='line_1_24' title="bbox 80 2528 1116 2596; baseline -0.002 -17"><span class='ocrx_word' id='word_1_230' title='bbox 80 2537 109 2579; x_wconf 88' lang='lat' dir='ltr'><strong>ut</strong></span> <span class='ocrx_word' id='word_1_231' title='bbox 124 2529 347 2593; x_wconf 64' lang='lat' dir='ltr'><strong>fclsefrelatirem</strong></span> <span class='ocrx_word' id='word_1_232' title='bbox 371 2532 477 2596; x_wconf 86' lang='lat' dir='ltr'><strong>incipiat</strong></span> <span class='ocrx_word' id='word_1_233' title='bbox 499 2534 710 2583; x_wconf 87' lang='lat' dir='ltr'><strong>enunciationem.</strong></span> <span class='ocrx_word' id='word_1_234' title='bbox 728 2558 761 2570; x_wconf 91' lang='lat'>-</span> <span class='ocrx_word' id='word_1_235' title='bbox 779 2549 806 2584; x_wconf 85' lang='lat' dir='ltr'><strong>v.</strong></span> <span class='ocrx_word' id='word_1_236' title='bbox 825 2528 860 2584; x_wconf 84' lang='grc'><strong>69</strong></span> <span class='ocrx_word' id='word_1_237' title='bbox 876 2530 946 2580; x_wconf 88' lang='lat' dir='ltr'><strong>uolui</strong></span> <span class='ocrx_word' id='word_1_238' title='bbox 962 2544 1020 2579; x_wconf 90' lang='lat' dir='ltr'><strong>oum</strong></span> <span class='ocrx_word' id='word_1_239' title='bbox 1036 2528 1116 2578; x_wconf 88' lang='lat' dir='ltr'><strong>Hein-</strong></span> 
     </span>
     <span class='ocr_line' id='line_1_25' title="bbox 80 2597 1114 2667; baseline -0.002 -20"><span class='ocrx_word' id='word_1_240' title='bbox 80 2598 163 2650; x_wconf 86' lang='lat' dir='ltr'><strong>richio</strong></span> <span class='ocrx_word' id='word_1_241' title='bbox 180 2599 264 2664; x_wconf 79' lang='lat' dir='ltr'><strong>legere</strong></span> <span class='ocrx_word' id='word_1_242' title='bbox 283 2600 413 2651; x_wconf 81' lang='lat' dir='ltr'><strong>Occurrat.</strong></span> <span class='ocrx_word' id='word_1_243' title='bbox 433 2626 468 2637; x_wconf 92' lang='lat'>-</span> <span class='ocrx_word' id='word_1_244' title='bbox 485 2616 511 2651; x_wconf 88' lang='lat' dir='ltr'><strong>v.</strong></span> <span class='ocrx_word' id='word_1_245' title='bbox 531 2597 566 2653; x_wconf 77' lang='lat'><strong>74</strong></span> <span class='ocrx_word' id='word_1_246' title='bbox 583 2616 639 2653; x_wconf 79' lang='lat' dir='ltr'><strong>eece</strong></span> <span class='ocrx_word' id='word_1_247' title='bbox 656 2602 752 2667; x_wconf 79' lang='lat' dir='ltr'><strong>aliquid</strong></span> <span class='ocrx_word' id='word_1_248' title='bbox 767 2601 875 2666; x_wconf 71' lang='lat' dir='ltr'><strong>maetuli</strong></span> <span class='ocrx_word' id='word_1_249' title='bbox 891 2606 995 2665; x_wconf 89' lang='lat' dir='ltr'><strong>propter</strong></span> <span class='ocrx_word' id='word_1_250' title='bbox 1012 2603 1114 2648; x_wconf 88' lang='lat' dir='ltr'><strong>antece-</strong></span> 
     </span>
     <span class='ocr_line' id='line_1_26' title="bbox 82 2666 1114 2736; baseline -0.001 -19"><span class='ocrx_word' id='word_1_251' title='bbox 82 2668 145 2717; x_wconf 87' lang='lat' dir='ltr'><strong>dens</strong></span> <span class='ocrx_word' id='word_1_252' title='bbox 162 2676 279 2719; x_wconf 88' lang='lat' dir='ltr'><strong>nentrum</strong></span> <span class='ocrx_word' id='word_1_253' title='bbox 296 2671 399 2736; x_wconf 79' lang='lat' dir='ltr'><strong>aliquid</strong></span> <span class='ocrx_word' id='word_1_254' title='bbox 419 2697 454 2707; x_wconf 89' lang='lat'>-</span> <span class='ocrx_word' id='word_1_255' title='bbox 471 2686 495 2720; x_wconf 86' lang='lat' dir='ltr'><strong>v.</strong></span> <span class='ocrx_word' id='word_1_256' title='bbox 514 2666 549 2723; x_wconf 84' lang='grc'><strong>80</strong></span> <span class='ocrx_word' id='word_1_257' title='bbox 566 2671 623 2720; x_wconf 85' lang='lat' dir='ltr'><strong>Hos</strong></span> <span class='ocrx_word' id='word_1_258' title='bbox 639 2672 741 2721; x_wconf 81' lang='lat' dir='ltr'><strong>animos.</strong></span> <span class='ocrx_word' id='word_1_259' title='bbox 761 2671 817 2721; x_wconf 90' lang='lat' dir='ltr'><strong>Non</strong></span> <span class='ocrx_word' id='word_1_260' title='bbox 835 2684 900 2735; x_wconf 88' lang='lat' dir='ltr'><strong>opus</strong></span> <span class='ocrx_word' id='word_1_261' title='bbox 916 2669 965 2719; x_wconf 87' lang='lat' dir='ltr'><strong>iuit</strong></span> <span class='ocrx_word' id='word_1_262' title='bbox 982 2666 1114 2716; x_wconf 86' lang='lat' dir='ltr'><strong>Heineelrii</strong></span> 
     </span>
     <span class='ocr_line' id='line_1_27' title="bbox 81 2735 1115 2805; baseline 0.001 -19"><span class='ocrx_word' id='word_1_263' title='bbox 81 2737 258 2788; x_wconf 89' lang='lat' dir='ltr'><strong>emendatione</strong></span> <span class='ocrx_word' id='word_1_264' title='bbox 276 2740 351 2790; x_wconf 87' lang='lat' dir='ltr'><strong>Haec</strong></span> <span class='ocrx_word' id='word_1_265' title='bbox 366 2743 467 2790; x_wconf 71' lang='lat' dir='ltr'><strong>mineo.</strong></span> <span class='ocrx_word' id='word_1_266' title='bbox 493 2765 528 2777; x_wconf 88' lang='lat'>—</span> <span class='ocrx_word' id='word_1_267' title='bbox 549 2757 576 2793; x_wconf 84' lang='lat' dir='ltr'><strong>r.</strong></span> <span class='ocrx_word' id='word_1_268' title='bbox 596 2738 648 2792; x_wconf 88' lang='grc'><strong>106</strong></span> <span class='ocrx_word' id='word_1_269' title='bbox 667 2755 681 2789; x_wconf 89' lang='lat' dir='ltr'><strong>e</strong></span> <span class='ocrx_word' id='word_1_270' title='bbox 697 2740 815 2805; x_wconf 84' lang='lat' dir='ltr'><strong>plurimis</strong></span> <span class='ocrx_word' id='word_1_271' title='bbox 834 2739 904 2789; x_wconf 89' lang='lat' dir='ltr'><strong>libris</strong></span> <span class='ocrx_word' id='word_1_272' title='bbox 922 2735 994 2789; x_wconf 86' lang='lat' dir='ltr'><strong>MSS.</strong></span> <span class='ocrx_word' id='word_1_273' title='bbox 1013 2737 1115 2787; x_wconf 81' lang='lat' dir='ltr'><strong>restitui</strong></span> 
     </span>
     <span class='ocr_line' id='line_1_28' title="bbox 80 2803 1116 2872; baseline -0.002 -17"><span class='ocrx_word' id='word_1_274' title='bbox 80 2807 178 2870; x_wconf 69' lang='lat' dir='ltr'><strong>majus,</strong></span> <span class='ocrx_word' id='word_1_275' title='bbox 202 2809 297 2872; x_wconf 90' lang='lat' dir='ltr'><strong>quippe</strong></span> <span class='ocrx_word' id='word_1_276' title='bbox 316 2810 384 2872; x_wconf 92' lang='lat' dir='ltr'><strong>quod</strong></span> <span class='ocrx_word' id='word_1_277' title='bbox 399 2809 460 2858; x_wconf 91' lang='lat' dir='ltr'><strong>huie</strong></span> <span class='ocrx_word' id='word_1_278' title='bbox 477 2808 533 2858; x_wconf 86' lang='lat' dir='ltr'><strong>loco</strong></span> <span class='ocrx_word' id='word_1_279' title='bbox 550 2809 591 2861; x_wconf 77' lang='lat' dir='ltr'><strong>sel</strong></span> <span class='ocrx_word' id='word_1_280' title='bbox 609 2811 720 2860; x_wconf 88' lang='lat' dir='ltr'><strong>maxime</strong></span> <span class='ocrx_word' id='word_1_281' title='bbox 732 2811 878 2859; x_wconf 81' lang='lat' dir='ltr'><strong>conveniat.</strong></span> <span class='ocrx_word' id='word_1_282' title='bbox 896 2832 932 2844; x_wconf 86' lang='lat'><strong>—-</strong></span> <span class='ocrx_word' id='word_1_283' title='bbox 948 2823 973 2859; x_wconf 89' lang='lat' dir='ltr'><strong>v.</strong></span> <span class='ocrx_word' id='word_1_284' title='bbox 992 2803 1043 2857; x_wconf 82' lang='lat'><strong>109</strong></span> <span class='ocrx_word' id='word_1_285' title='bbox 1056 2819 1116 2854; x_wconf 54' lang='lat' dir='ltr'><strong>&gt;non</strong></span> 
     </span>
     <span class='ocr_line' id='line_1_29' title="bbox 79 2875 1113 2943; baseline -0.002 -19"><span class='ocrx_word' id='word_1_286' title='bbox 79 2883 140 2939; x_wconf 84' lang='lat' dir='ltr'><strong>post</strong></span> <span class='ocrx_word' id='word_1_287' title='bbox 157 2876 268 2942; x_wconf 80' lang='lat' dir='ltr'><strong>Licinia,</strong></span> <span class='ocrx_word' id='word_1_288' title='bbox 286 2885 313 2927; x_wconf 91' lang='lat' dir='ltr'><strong>nt</strong></span> <span class='ocrx_word' id='word_1_289' title='bbox 330 2878 460 2943; x_wconf 87' lang='lat' dir='ltr'><strong>plerisque</strong></span> <span class='ocrx_word' id='word_1_290' title='bbox 475 2879 559 2928; x_wconf 85' lang='lat' dir='ltr'><strong>visum</strong></span> <span class='ocrx_word' id='word_1_291' title='bbox 578 2885 627 2937; x_wconf 87' lang='lat' dir='ltr'><strong>est,</strong></span> <span class='ocrx_word' id='word_1_292' title='bbox 646 2879 692 2929; x_wconf 91' lang='lat' dir='ltr'><strong>sed</strong></span> <span class='ocrx_word' id='word_1_293' title='bbox 709 2880 736 2928; x_wconf 91' lang='lat' dir='ltr'><strong>in</strong></span> <span class='ocrx_word' id='word_1_294' title='bbox 752 2878 801 2927; x_wconf 83' lang='lat' dir='ltr'><strong>due</strong></span> <span class='ocrx_word' id='word_1_295' title='bbox 815 2877 916 2928; x_wconf 89' lang='lat' dir='ltr'><strong>demum</strong></span> <span class='ocrx_word' id='word_1_296' title='bbox 929 2889 1015 2926; x_wconf 89' lang='lat' dir='ltr'><strong>versus</strong></span> <span class='ocrx_word' id='word_1_297' title='bbox 1029 2875 1113 2929; x_wconf 79' lang='lat' dir='ltr'><strong>maius</strong></span> 
     </span>
     <span class='ocr_line' id='line_1_30' title="bbox 79 2943 1114 3012; baseline 0.001 -20"><span class='ocrx_word' id='word_1_298' title='bbox 79 2945 158 3008; x_wconf 85' lang='lat' dir='ltr'><strong>posui</strong></span> <span class='ocrx_word' id='word_1_299' title='bbox 180 2946 389 3010; x_wconf 86' lang='lat' dir='ltr'><strong>interpunctionis</strong></span> <span class='ocrx_word' id='word_1_300' title='bbox 408 2948 518 3012; x_wconf 76' lang='lat' dir='ltr'><strong>signum.</strong></span> <span class='ocrx_word' id='word_1_301' title='bbox 539 2972 573 2984; x_wconf 93' lang='lat'>-</span> <span class='ocrx_word' id='word_1_302' title='bbox 591 2964 616 2999; x_wconf 88' lang='lat' dir='ltr'><strong>v.</strong></span> <span class='ocrx_word' id='word_1_303' title='bbox 637 2944 688 2998; x_wconf 87' lang='grc'><strong>130</strong></span> <span class='ocrx_word' id='word_1_304' title='bbox 705 2946 869 2997; x_wconf 72' lang='lat' dir='ltr'><strong>Arabarches</strong></span> <span class='ocrx_word' id='word_1_305' title='bbox 886 2960 937 2995; x_wconf 90' lang='lat' dir='ltr'><strong>uon</strong></span> <span class='ocrx_word' id='word_1_306' title='bbox 954 2943 1114 2994; x_wconf 75' lang='lat' dir='ltr'><strong>Alaborekec</strong></span> 
     </span>
     <span class='ocr_line' id='line_1_31' title="bbox 79 3012 1114 3081; baseline 0.003 -21"><span class='ocrx_word' id='word_1_307' title='bbox 79 3012 124 3061; x_wconf 91' lang='lat' dir='ltr'><strong>bic</strong></span> <span class='ocrx_word' id='word_1_308' title='bbox 144 3019 169 3061; x_wconf 90' lang='lat' dir='ltr'><strong>et</strong></span> <span class='ocrx_word' id='word_1_309' title='bbox 185 3014 278 3077; x_wconf 88' lang='lat' dir='ltr'><strong>ubique</strong></span> <span class='ocrx_word' id='word_1_310' title='bbox 296 3017 372 3065; x_wconf 86' lang='lat' dir='ltr'><strong>scribi</strong></span> <span class='ocrx_word' id='word_1_311' title='bbox 388 3017 496 3068; x_wconf 85' lang='lat' dir='ltr'><strong>debebit.</strong></span> <span class='ocrx_word' id='word_1_312' title='bbox 515 3041 550 3055; x_wconf 88' lang='lat'><strong>-·</strong></span> <span class='ocrx_word' id='word_1_313' title='bbox 571 3032 596 3066; x_wconf 84' lang='lat' dir='ltr'><strong>v.</strong></span> <span class='ocrx_word' id='word_1_314' title='bbox 618 3013 669 3067; x_wconf 75' lang='lat'><strong>134</strong></span> <span class='ocrx_word' id='word_1_315' title='bbox 686 3016 786 3068; x_wconf 78' lang='lat' dir='ltr'><strong>servavi</strong></span> <span class='ocrx_word' id='word_1_316' title='bbox 803 3017 953 3081; x_wconf 87' lang='lat' dir='ltr'><strong>scripturam</strong></span> <span class='ocrx_word' id='word_1_317' title='bbox 970 3016 1058 3064; x_wconf 65' lang='lat' dir='ltr'><strong>coela.</strong></span> <span class='ocrx_word' id='word_1_318' title='bbox 1077 3038 1114 3049; x_wconf 87' lang='lat'><em>-</em></span> 
     </span>
     <span class='ocr_line' id='line_1_32' title="bbox 78 3077 1119 3149; baseline -0.002 -18"><span class='ocrx_word' id='word_1_319' title='bbox 78 3095 105 3133; x_wconf 85' lang='lat' dir='ltr'><strong>r.</strong></span> <span class='ocrx_word' id='word_1_320' title='bbox 119 3077 173 3132; x_wconf 90' lang='grc'><strong>146</strong></span> <span class='ocrx_word' id='word_1_321' title='bbox 185 3085 345 3149; x_wconf 85' lang='lat' dir='ltr'><strong>participium</strong></span> <span class='ocrx_word' id='word_1_322' title='bbox 361 3085 528 3148; x_wconf 80' lang='lat' dir='ltr'><strong>plaudendum</strong></span> <span class='ocrx_word' id='word_1_323' title='bbox 545 3100 559 3134; x_wconf 90' lang='lat' dir='ltr'><strong>e</strong></span> <span class='ocrx_word' id='word_1_324' title='bbox 576 3092 648 3136; x_wconf 87' lang='lat' dir='ltr'><strong>textu</strong></span> <span class='ocrx_word' id='word_1_325' title='bbox 661 3087 735 3148; x_wconf 91' lang='lat' dir='ltr'><strong>quasi</strong></span> <span class='ocrx_word' id='word_1_326' title='bbox 747 3085 853 3136; x_wconf 89' lang='lat' dir='ltr'><strong>dissolvi</strong></span> <span class='ocrx_word' id='word_1_327' title='bbox 870 3092 895 3134; x_wconf 90' lang='lat' dir='ltr'><strong>et</strong></span> <span class='ocrx_word' id='word_1_328' title='bbox 912 3083 1119 3148; x_wconf 76' lang='lat' dir='ltr'><strong>impersonaliter</strong></span> 
     </span>
     <span class='ocr_line' id='line_1_33' title="bbox 80 3151 1115 3219; baseline 0.002 -20"><span class='ocrx_word' id='word_1_329' title='bbox 80 3151 164 3216; x_wconf 87' lang='lat' dir='ltr'><strong>accipi</strong></span> <span class='ocrx_word' id='word_1_330' title='bbox 181 3152 268 3212; x_wconf 89' lang='lat' dir='ltr'><strong>debet;</strong></span> <span class='ocrx_word' id='word_1_331' title='bbox 291 3169 369 3217; x_wconf 88' lang='lat' dir='ltr'><strong>qnare</strong></span> <span class='ocrx_word' id='word_1_332' title='bbox 387 3154 503 3218; x_wconf 82' lang='lat' dir='ltr'><strong>equidem</strong></span> <span class='ocrx_word' id='word_1_333' title='bbox 517 3167 584 3204; x_wconf 87' lang='lat' dir='ltr'><strong>nune</strong></span> <span class='ocrx_word' id='word_1_334' title='bbox 600 3155 747 3219; x_wconf 86' lang='lat' dir='ltr'><strong>parenthesi</strong></span> <span class='ocrx_word' id='word_1_335' title='bbox 764 3153 944 3205; x_wconf 82' lang='lat' dir='ltr'><strong>includendam</strong></span> <span class='ocrx_word' id='word_1_336' title='bbox 963 3153 1059 3202; x_wconf 84' lang='lat' dir='ltr'><strong>curari.</strong></span> <span class='ocrx_word' id='word_1_337' title='bbox 1076 3173 1115 3186; x_wconf 81' lang='grc'>-</span> 
     </span>
     <span class='ocr_line' id='line_1_34' title="bbox 80 3215 1112 3288; baseline -0.005 -18"><span class='ocrx_word' id='word_1_338' title='bbox 80 3235 106 3270; x_wconf 84' lang='lat' dir='ltr'><strong>v.</strong></span> <span class='ocrx_word' id='word_1_339' title='bbox 131 3218 184 3271; x_wconf 81' lang='grc'><strong>160</strong></span> <span class='ocrx_word' id='word_1_340' title='bbox 205 3222 430 3288; x_wconf 81' lang='lat' dir='ltr'><strong>interpunctionem</strong></span> <span class='ocrx_word' id='word_1_341' title='bbox 452 3225 562 3287; x_wconf 84' lang='lat' dir='ltr'><strong>mutavi,</strong></span> <span class='ocrx_word' id='word_1_342' title='bbox 585 3239 601 3272; x_wconf 87' lang='lat' dir='ltr'><strong>a</strong></span> <span class='ocrx_word' id='word_1_343' title='bbox 619 3226 671 3273; x_wconf 88' lang='lat' dir='ltr'><strong>tius</strong></span> <span class='ocrx_word' id='word_1_344' title='bbox 691 3225 770 3275; x_wconf 81' lang='lat' dir='ltr'><strong>verba</strong></span> <span class='ocrx_word' id='word_1_345' title='bbox 792 3225 864 3274; x_wconf 79' lang='lat' dir='ltr'><strong>dieas</strong></span> <span class='ocrx_word' id='word_1_346' title='bbox 887 3222 927 3272; x_wconf 78' lang='lat' dir='ltr'><strong>bic</strong></span> <span class='ocrx_word' id='word_1_347' title='bbox 945 3222 1056 3286; x_wconf 76' lang='lat' dir='ltr'><strong>ferriteri</strong></span> <span class='ocrx_word' id='word_1_348' title='bbox 1078 3215 1112 3266; x_wconf 89' lang='lat' dir='ltr'><strong>ad</strong></span> 
     </span>
     <span class='ocr_line' id='line_1_35' title="bbox 79 3237 1214 3356; baseline -0.003 -18"><span class='ocrx_word' id='word_1_349' title='bbox 79 3290 167 3354; x_wconf 86' lang='lat' dir='ltr'><strong>priora</strong></span> <span class='ocrx_word' id='word_1_350' title='bbox 179 3290 274 3340; x_wconf 78' lang='lat' dir='ltr'><strong>referri</strong></span> <span class='ocrx_word' id='word_1_351' title='bbox 291 3299 373 3351; x_wconf 61' lang='lat' dir='ltr'><strong>retum</strong></span> <span class='ocrx_word' id='word_1_352' title='bbox 398 3292 431 3342; x_wconf 85' lang='lat' dir='ltr'><strong>ei.</strong></span> <span class='ocrx_word' id='word_1_353' title='bbox 452 3291 506 3345; x_wconf 87' lang='lat' dir='ltr'><strong>Sat.</strong></span> <span class='ocrx_word' id='word_1_354' title='bbox 523 3291 584 3354; x_wconf 82' lang='grc' dir='ltr'><strong>ΧΠ,</strong></span> <span class='ocrx_word' id='word_1_355' title='bbox 600 3237 644 3347; x_wconf 61' lang='lat' dir='ltr'><strong>gl.</strong></span> <span class='ocrx_word' id='word_1_356' title='bbox 663 3318 697 3330; x_wconf 96' lang='lat'><em>-</em></span> <span class='ocrx_word' id='word_1_357' title='bbox 714 3309 740 3346; x_wconf 85' lang='lat' dir='ltr'><strong>v.</strong></span> <span class='ocrx_word' id='word_1_358' title='bbox 759 3291 810 3344; x_wconf 79' lang='lat'><strong>155</strong></span> <span class='ocrx_word' id='word_1_359' title='bbox 827 3306 883 3342; x_wconf 87' lang='lat' dir='ltr'><strong>cum</strong></span> <span class='ocrx_word' id='word_1_360' title='bbox 901 3288 1062 3356; x_wconf 85' lang='lat' dir='ltr'><strong>paucissimis</strong></span> <span class='ocrx_word' id='word_1_361' title='bbox 1081 3285 1112 3335; x_wconf 86' lang='lat' dir='ltr'><strong>li·</strong></span> <span class='ocrx_word' id='word_1_362' title='bbox 1203 3300 1214 3311; x_wconf 61' lang='lat'>²</span> 
     </span>
     <span class='ocr_line' id='line_1_36' title="bbox 80 3353 1111 3427; baseline 0 -19"><span class='ocrx_word' id='word_1_363' title='bbox 80 3359 144 3424; x_wconf 78' lang='lat' dir='ltr'><strong>bris,</strong></span> <span class='ocrx_word' id='word_1_364' title='bbox 162 3361 208 3410; x_wconf 89' lang='lat' dir='ltr'><strong>sed</strong></span> <span class='ocrx_word' id='word_1_365' title='bbox 222 3361 256 3408; x_wconf 88' lang='lat' dir='ltr'><strong>iis</strong></span> <span class='ocrx_word' id='word_1_366' title='bbox 271 3362 380 3425; x_wconf 86' lang='lat' dir='ltr'><strong>optimae</strong></span> <span class='ocrx_word' id='word_1_367' title='bbox 397 3366 481 3421; x_wconf 89' lang='lat' dir='ltr'><strong>notae,</strong></span> <span class='ocrx_word' id='word_1_368' title='bbox 498 3360 584 3427; x_wconf 78' lang='lat' dir='ltr'><strong>legere</strong></span> <span class='ocrx_word' id='word_1_369' title='bbox 601 3360 680 3412; x_wconf 86' lang='lat' dir='ltr'><strong>malui</strong></span> <span class='ocrx_word' id='word_1_370' title='bbox 697 3361 795 3421; x_wconf 77' lang='lat' dir='ltr'><strong>lucebit,</strong></span> <span class='ocrx_word' id='word_1_371' title='bbox 812 3376 889 3424; x_wconf 87' lang='lat' dir='ltr'><strong>quam</strong></span> <span class='ocrx_word' id='word_1_372' title='bbox 907 3374 962 3408; x_wconf 88' lang='lat' dir='ltr'><strong>eum</strong></span> <span class='ocrx_word' id='word_1_373' title='bbox 978 3353 1111 3420; x_wconf 82' lang='lat' dir='ltr'><strong>permultis</strong></span> 
     </span>
     <span class='ocr_line' id='line_1_37' title="bbox 79 3424 1112 3495; baseline -0.006 -19"><span class='ocrx_word' id='word_1_374' title='bbox 79 3427 140 3477; x_wconf 89' lang='lat' dir='ltr'><strong>aliis</strong></span> <span class='ocrx_word' id='word_1_375' title='bbox 163 3428 273 3487; x_wconf 74' lang='lat' dir='ltr'><strong>lucebis,-</strong></span> <span class='ocrx_word' id='word_1_376' title='bbox 295 3431 394 3478; x_wconf 88' lang='lat' dir='ltr'><strong>tertiam</strong></span> <span class='ocrx_word' id='word_1_377' title='bbox 412 3442 546 3495; x_wconf 89' lang='lat' dir='ltr'><strong>personam</strong></span> <span class='ocrx_word' id='word_1_378' title='bbox 564 3429 605 3480; x_wconf 87' lang='lat' dir='ltr'><strong>vel</strong></span> <span class='ocrx_word' id='word_1_379' title='bbox 622 3445 731 3493; x_wconf 88' lang='lat' dir='ltr'><strong>sequens</strong></span> <span class='ocrx_word' id='word_1_380' title='bbox 749 3430 849 3479; x_wconf 77' lang='lat' dir='ltr'><strong>deducit</strong></span> <span class='ocrx_word' id='word_1_381' title='bbox 865 3426 1008 3477; x_wconf 89' lang='lat' dir='ltr'><strong>necessario</strong></span> <span class='ocrx_word' id='word_1_382' title='bbox 1025 3424 1112 3485; x_wconf 87' lang='lat' dir='ltr'><strong>requi-</strong></span> 
     </span>
    </p>
   </div>
   <div class='ocr_carea' id='block_1_3' title="bbox 5 3492 1118 3653">
    <p class='ocr_par' dir='ltr' id='par_1_6' title="bbox 5 3492 1118 3653">
     <span class='ocr_line' id='line_1_38' title="bbox 5 3492 1110 3562; baseline -0.01 -11"><span class='ocrx_word' id='word_1_383' title='bbox 5 3540 8 3551; x_wconf 36' lang='lat' dir='ltr'><strong>e</strong></span> <span class='ocrx_word' id='word_1_384' title='bbox 77 3498 122 3547; x_wconf 88' lang='lat' dir='ltr'><strong>rit.</strong></span> <span class='ocrx_word' id='word_1_385' title='bbox 142 3523 177 3533; x_wconf 96' lang='lat'><em>-</em></span> <span class='ocrx_word' id='word_1_386' title='bbox 195 3514 218 3548; x_wconf 90' lang='lat' dir='ltr'><strong>v.</strong></span> <span class='ocrx_word' id='word_1_387' title='bbox 236 3495 287 3550; x_wconf 80' lang='lat'><strong>156</strong></span> <span class='ocrx_word' id='word_1_388' title='bbox 304 3499 402 3546; x_wconf 82' lang='lat' dir='ltr'><strong>correxi</strong></span> <span class='ocrx_word' id='word_1_389' title='bbox 419 3500 537 3562; x_wconf 88' lang='lat' dir='ltr'><strong>equidem</strong></span> <span class='ocrx_word' id='word_1_390' title='bbox 553 3513 605 3562; x_wconf 74' lang='lat' dir='ltr'><strong>etus</strong></span> <span class='ocrx_word' id='word_1_391' title='bbox 617 3500 732 3560; x_wconf 64' lang='grc'>1180.-</span> <span class='ocrx_word' id='word_1_392' title='bbox 748 3513 775 3548; x_wconf 87' lang='lat' dir='ltr'><strong>v.</strong></span> <span class='ocrx_word' id='word_1_393' title='bbox 789 3492 841 3548; x_wconf 78' lang='lat'><strong>15⁷</strong></span> <span class='ocrx_word' id='word_1_394' title='bbox 854 3493 1046 3554; x_wconf 82' lang='lat' dir='ltr'><strong>descriptionem</strong></span> <span class='ocrx_word' id='word_1_395' title='bbox 1058 3492 1110 3540; x_wconf 89' lang='lat' dir='ltr'><strong>No·</strong></span> 
     </span>
     <span class='ocr_line' id='line_1_39' title="bbox 81 3560 1118 3653; baseline 0.005 -37"><span class='ocrx_word' id='word_1_396' title='bbox 81 3573 135 3617; x_wconf 88' lang='lat' dir='ltr'><strong>ster</strong></span> <span class='ocrx_word' id='word_1_397' title='bbox 153 3566 256 3632; x_wconf 90' lang='lat' dir='ltr'><strong>supplet</strong></span> <span class='ocrx_word' id='word_1_398' title='bbox 273 3573 298 3616; x_wconf 89' lang='lat' dir='ltr'><strong>et</strong></span> <span class='ocrx_word' id='word_1_399' title='bbox 318 3566 438 3626; x_wconf 79' lang='lat' dir='ltr'><strong>absolvit3</strong></span> <span class='ocrx_word' id='word_1_400' title='bbox 462 3573 492 3618; x_wconf 91' lang='lat' dir='ltr'><strong>ut</strong></span> <span class='ocrx_word' id='word_1_401' title='bbox 510 3573 598 3619; x_wconf 77' lang='lat' dir='ltr'><strong>autem</strong></span> <span class='ocrx_word' id='word_1_402' title='bbox 614 3567 647 3621; x_wconf 80' lang='lat' dir='ltr'><strong>de</strong></span> <span class='ocrx_word' id='word_1_403' title='bbox 664 3578 716 3617; x_wconf 87' lang='lat' dir='ltr'><strong>uuo</strong></span> <span class='ocrx_word' id='word_1_404' title='bbox 732 3564 873 3625; x_wconf 86' lang='lat' dir='ltr'><strong>eodemque</strong></span> <span class='ocrx_word' id='word_1_405' title='bbox 890 3560 1118 3653; x_wconf 50' lang='grc'>0031001101*</span> 
     </span>
    </p>
   </div>
   <div class='ocr_carea' id='block_1_4' title="bbox 0 0 1270 3900">
    <p class='ocr_par' dir='ltr' id='par_1_7' title="bbox 0 0 1270 3900">
     <span class='ocr_line' id='line_1_40' title="bbox 0 0 1270 3900; baseline 0 3"><span class='ocrx_word' id='word_1_406' title='bbox 0 0 1270 3900; x_wconf 95' lang='lat' dir='ltr'><strong> </strong></span> 
     </span>
    </p>
   </div>
   <div class='ocr_carea' id='block_1_5' title="bbox 1112 3822 1161 3868">
    <p class='ocr_par' dir='ltr' id='par_1_8' title="bbox 1112 3822 1161 3868">
     <span class='ocr_line' id='line_1_41' title="bbox 1112 3822 1161 3868; baseline 0 0"><span class='ocrx_word' id='word_1_407' title='bbox 1112 3822 1161 3868; x_wconf 70' lang='grc' dir='ltr'><em>Α</em></span> 
     </span>
    </p>
   </div>
  </div>
 </body>
</html>
