2542 3900
8 3262 10 3419 i

500 192 780 259 stilicon.

127 362 238 424 Omnia
259 380 351 441 quum
371 361 502 441 faciant,
520 359 637 422 hilares
655 360 807 441 nitidique
827 371 984 428 vocantur.

123 446 240 593 Hystra
261 445 378 506 dabunt
397 442 475 505 alios
494 443 589 506 hodie
611 448 747 507 convivia
764 444 870 511 ludosr

154 529 281 591 onditor
302 526 416 590 Iliados
437 530 611 590 cantabitur
631 536 723 608 atque
747 529 886 592 Maronis

124 613 265 677 Altisoni
286 612 408 673 dubiam
428 613 575 674 facientia
596 615 730 675 momina
750 613 897 694 palmam!

127 697 212 777 Quid
230 698 348 776 refert,
368 695 449 757 talea
468 716 575 759 versus
598 717 656 777 qua
673 716 748 759 uoce
769 697 935 779 legantur?
1100 708 1154 764 180

172 781 236 842 Sed
255 801 336 842 nunc
357 779 463 841 dilatis
484 789 590 843 auerte
609 784 734 861 negotia
755 785 837 844 curia

126 866 171 928 Et
190 873 305 945 gratam
325 866 465 943 requiem
484 865 563 927 dona
583 868 657 944 tibi,
678 865 799 946 quando
819 867 928 929 licebit

126 950 191 1011 Per
211 956 307 1010 totam
327 968 450 1010 cessare
471 951 569 1024 diem3
591 970 654 1011 non
673 951 791 1011 fenoris
812 950 878 1011 ulla

127 1035 267 1112 Montio,
288 1052 363 1113 nec,
384 1035 484 1113 prima
502 1035 529 1095 si
549 1033 620 1095 luce
641 1053 768 1114 egressa
788 1037 906 1097 reverti
1140 1086 1142 1093 Α

126 1117 227 1180 Nocte
249 1117 346 1197 solet,
363 1119 458 1181 tacito
480 1118 575 1180 bilem
595 1120 654 1179 tibi
675 1119 948 1199 conturbatum,
1079 1127 1152 1183 ‚leo

125 1201 260 1263 Humida
281 1203 432 1283 suspectis
453 1203 597 1264 referens
617 1202 755 1264 multicia
773 1205 859 1282 ragis

124 1287 321 1367 Vexatasque
340 1306 440 1346 comas
462 1294 495 1347 et
514 1286 629 1347 vultum
651 1306 816 1366 auremque
837 1285 998 1348 calentem.

9 1414 10 1417 κ
93 1390 98 1398 ’
123 1372 272 1433 Protinus
293 1376 364 1433 ante
386 1389 502 1449 meum,
524 1358 673 1451 quidquid
695 1370 796 1449 dolet,
818 1390 894 1433 exne
914 1371 1025 1450 limen,

9 1462 11 1491 ¹
121 1456 211 1516 Pone
233 1453 356 1516 domum
376 1460 409 1515 et
427 1473 534 1516 servos
556 1463 589 1516 et
610 1453 759 1534 quidquid
778 1455 932 1534 frangitur
952 1454 1015 1516 illis

9 1540 10 1549 ’
63 1574 71 1580 ·
121 1542 187 1602 Aut
206 1540 306 1619 perit3
323 1541 460 1619 ingratos
479 1545 550 1599 ante
570 1541 672 1599 omnia
691 1556 773 1619 pone
794 1537 924 1599 sodales.
1099 1545 1151 1602 19⁰

165 1625 291 1684 Interea
310 1622 535 1702 Megalesiacae
552 1621 727 1704 spectacula
746 1642 873 1703 mappae

122 1707 250 1768 idaeum
268 1705 420 1767 sollemne
442 1704 564 1784 colunt,
586 1705 758 1787 similisque
779 1708 936 1789 triumpho

9 1820 10 1825 ¹
123 1791 243 1851 Praeoo
265 1790 451 1854 caballorum
472 1797 598 1873 praetor
618 1790 709 1852 sedet
728 1811 778 1870 ac,
800 1792 876 1851 mihi
895 1808 971 1871 pace

8 1928 9 1933 ,
124 1875 293 1935 Immensae
313 1876 485 1954 nimiaeque
504 1874 580 1937 licet
600 1878 626 1936 si
648 1874 754 1936 dicere
774 1875 892 1957 plebis,

125 1960 238 2020 Totam
258 1958 351 2019 hodie
370 1961 496 2021 Romam
518 1961 618 2021 circus
637 1961 719 2042 capit
740 1966 773 2020 et
793 1960 898 2039 fragor
919 1977 1023 2020 aurem
1085 1965 1149 2021 195

8 2038 9 2065 i
120 2044 280 2122 Perrnfit,
302 2050 445 2104 eventum
464 2043 572 2105 viridis
594 2064 654 2123 quo
675 2043 787 2124 colligo
808 2045 911 2126 panni.

120 2128 215 2206 Nam,
236 2128 262 2188 si
283 2126 449 2207 detineret,
467 2135 615 2213 moenam
633 2130 852 2209 attonitamque
874 2127 997 2190 videres

120 2212 211 2272 Hanc
231 2214 355 2291 urbem,
376 2211 473 2273 veluti
495 2214 667 2274 Cannarum
686 2216 719 2275 in
739 2212 867 2294 puluere
887 2214 977 2274 uictis

124 2294 318 2357 Consulibus.
363 2297 513 2376 Spectant
533 2298 675 2376 iuvenes,
697 2315 773 2376 qnos
794 2294 910 2355 clamor
929 2303 962 2356 et
982 2293 1078 2355 audax

8 2398 9 2413 ³
123 2379 269 2460 sponsio,
292 2399 367 2460 qnos
389 2380 489 2442 cultae
511 2379 603 2442 decet
623 2378 775 2441 assedisse
796 2376 937 2461 puellae3
1095 2386 1147 2439 200

122 2464 274 2545 Spectant
293 2466 353 2525 hoc
374 2473 488 2545 nuptae
507 2467 592 2526 iuxta
612 2466 781 2526 recubante
802 2464 930 2540 marito,

120 2547 213 2626 Quod
231 2549 347 2630 pudeat
366 2568 508 2610 narrasse
529 2548 663 2631 aliquem
682 2549 898 2631 praesentibus
918 2548 1010 2628 ipsis:

118 2633 234 2694 Nostra
254 2634 341 2694 bibat
360 2652 486 2695 uernum
507 2642 665 2697 contracta
686 2632 819 2695 cuticula
838 2630 946 2692 solem

118 2717 317 2797 Effugiatqne
336 2724 448 2798 togam.
491 2720 554 2780 iarn
573 2739 654 2780 nnnc
674 2720 707 2779 in
728 2716 838 2779 balnea
859 2714 941 2776 salva

8 2796 10 2833 ³
118 2800 238 2862 Fronte
258 2801 334 2862 licet
354 2802 460 2880 vadas,
481 2823 660 2884 quamquam
680 2800 780 2863 aulida
797 2802 875 2860 hora
896 2800 1031 2879 supersit
1092 2804 1144 2858 20⁵

117 2885 169 2945 Ad
190 2884 329 2946 sextam
355 2886 474 2947 Facere
495 2889 554 2949 hoc
573 2907 636 2949 non
655 2888 756 2969 possis
777 2885 911 2963 quinque
932 2881 1040 2944 diebus

119 2970 299 3047 Continuis,
320 2973 390 3050 quia
410 2977 483 3031 sunt
501 2971 572 3032 talis
594 2990 716 3053 quoque
737 2967 840 3032 taedia
858 2968 939 3028 vitae

116 3053 239 3133 Magna.
257 3053 467 3147 ''Voluptates
489 3055 683 3118 commendat
703 3057 804 3116 rarior
824 3070 907 3115 usur.

528 3317 734 3326 ..m
