2542 3900
134 238 178 306 54
429 236 466 297 1).
487 234 576 296 IUN.
599 231 864 296 IUVENALlS

131 410 201 471 Non
224 424 301 487 quae
321 410 449 466 ventoso
470 401 621 463 conducta
641 403 696 461 sub
718 419 830 480 aggere
850 400 938 462 texit.

131 484 197 555 Vos
217 487 362 568 humiles,
381 489 497 566 inquis,
518 484 601 564 vulgi
621 484 821 565 parsnltima
839 484 956 561 nostri,
997 479 1000 485 ’

132 577 269 653 Quorum
290 574 380 633 nemo
404 578 496 651 queat
515 572 645 651 patriam
666 576 838 650 monstrare
859 566 1011 648 parentis:

131 661 192 721 Ast
212 678 270 739 ego
291 655 496 737 Cecropides!
519 656 611 717 Vivus
632 660 666 714 et
687 655 815 732 originis
835 654 926 713 huius

6 748 7 805 ῗ
132 742 252 804 Gaudia
270 739 364 820 longa
383 741 481 799 feras:
501 744 605 799 tamen
626 740 686 798 ima
706 737 799 818 plebe
820 738 971 814 Quiritem

6 824 8 879 i
131 822 308 888 Facundum
327 824 483 897 iuvenies3
504 822 584 883 solet
603 823 655 882 hie
676 820 847 883 defendere
870 839 973 882 causas

130 911 250 972 Nobilis
270 908 404 982 indocti;
424 907 529 967 veniet
549 905 589 967 de
609 904 703 987 plebe
724 912 843 984 togata,

132 995 192 1071 Qui
211 995 289 1055 iuris
310 990 407 1052 nodos
429 997 462 1051 et
481 989 585 1070 legum
606 992 776 1069 aenigmata
794 988 900 1052 solvat.

129 1079 191 1140 Hic
208 1079 290 1158 petit
308 1077 489 1157 Euphraten
508 1077 627 1136 iuvenis
648 1074 816 1153 domitique
837 1073 943 1133 Batavi

130 1160 284 1223 Custodes
306 1159 439 1239 aquilas,
461 1161 552 1219 armis
573 1158 756 1220 industrius:
777 1164 809 1219 at
827 1164 862 1232 tu

128 1245 181 1306 Nil
201 1247 261 1305 nisi
283 1241 471 1323 Cecropides
491 1249 662 1321 truncoque
683 1241 854 1303 simillimus
874 1242 1017 1303 Hermae.

128 1327 222 1390 Nullo
243 1331 357 1409 quippe
378 1325 438 1386 ulio
459 1327 555 1385 vincis
576 1325 769 1404 discrimine,
791 1346 880 1405 qnam
901 1326 983 1406 quod

128 1411 181 1473 illi
201 1430 404 1473 marmoreum
423 1416 514 1489 caput
535 1416 599 1488 est,
620 1417 673 1470 tna
692 1411 767 1470 vivit
785 1412 893 1488 imago.

128 1496 186 1558 Dic
205 1498 296 1575 mihi,
317 1496 509 1555 Teucrorum
530 1494 652 1575 proles,
671 1492 813 1554 animalia
833 1497 915 1554 muta

127 1581 204 1657 Quis
225 1598 375 1660 generosa
395 1585 500 1659 putet,
519 1579 580 1638 uisi
599 1578 716 1639 fortia?
736 1597 847 1658 nempe
868 1577 1023 1638 volucrem

128 1663 180 1724 Sic
201 1662 357 1724 laudamus
378 1681 505 1742 equum,
527 1661 613 1723 facili
634 1665 683 1723 cui
703 1662 835 1743 plurima
854 1662 953 1743 palma

125 1748 242 1810 Fervet
262 1755 296 1809 et
316 1745 449 1808 exsultat
466 1766 558 1807 ronco
578 1749 707 1808 victoria
729 1749 820 1807 circo.
1112 1821 1114 1823 g

125 1832 247 1894 Nobilis
267 1834 333 1912 hic,
356 1849 546 1910 quocumque
566 1833 651 1892 venit
673 1831 712 1892 de
734 1831 886 1910 gramine,
907 1829 992 1888 cuius
1048 1864 1052 1877 ·

127 1916 218 1977 Clara
236 1917 308 1995 fuga
329 1924 401 1975 ante
424 1915 499 1975 alios
518 1921 552 1975 et
569 1917 686 1995 primus
706 1917 740 1975 in
761 1932 896 1993 aequore
916 1910 1033 1994 pulvis3

127 1999 191 2059 Sed
211 1998 320 2060 renale
340 2017 436 2078 pecus
453 1999 609 2077 corythae
629 2000 795 2078 posteritas
815 2004 848 2057 et

125 2083 268 2163 Hirpini,
290 2084 317 2141 ai
337 2102 408 2142 rara
427 2082 498 2160 iugo
517 2082 657 2143 Victoria
677 2080 767 2143 sedit.

125 2164 180 2226 Nil
199 2167 245 2226 ibi
264 2166 413 2225 maiorum
431 2172 609 2246 respectus,
630 2167 729 2244 gratia
750 2163 833 2226 nulla

125 2251 327 2324 Umbrarum
349 2247 487 2310 dominos
508 2251 618 2330 pretiis
638 2256 757 2310 mutare
778 2250 924 2310 iubentur

124 2334 269 2414 Erigon,
289 2334 366 2394 trito
388 2332 504 2393 ducunt
524 2334 663 2415 epiredia
683 2332 765 2395 collo

125 2417 319 2499 segnipedes
338 2417 485 2497 dignique
505 2418 613 2480 molam
634 2437 759 2480 versare
776 2418 915 2497 Nepotis.

123 2502 225 2581 Ergo,
245 2508 281 2562 nt
300 2502 448 2562 miremur
467 2508 516 2580 te,
537 2522 599 2562 non
617 2511 688 2583 tua,
708 2504 840 2584 primum
861 2497 979 2579 aliquid
1000 2497 1056 2577 da,

124 2584 215 2662 Quod
235 2586 350 2665 possim
369 2585 468 2644 titulis
488 2584 627 2646 incidere
646 2594 773 2669 praeter
792 2588 943 2660 honores,

124 2671 208 2746 Quos
227 2668 291 2729 illis
312 2668 418 2729 damus
439 2687 474 2728 oc
495 2667 648 2749 dedimus,
670 2673 779 2751 quibus
800 2671 901 2730 omnia
921 2669 1026 2730 debes.
1115 2677 1152 2731 io

161 2754 248 2814 Haec
269 2754 343 2814 satis
364 2751 404 2813 ad
424 2753 579 2833 iuvenem,
602 2772 692 2833 quem
711 2756 800 2816 nobis
820 2756 901 2815 fama
922 2754 1089 2834 superbum

124 2837 236 2899 Tradit
254 2843 287 2898 et
300 2839 440 2898 inflatum
459 2836 646 2919 plenumque
659 2839 783 2899 Nerone
804 2840 987 2919 propinquo.
1019 2828 1025 2842 '

122 2921 221 2982 Rarus
239 2923 321 2982 enim
342 2923 442 2984 ferme
463 2941 570 2982 sensus
591 2924 758 2983 communis
777 2924 811 2982 in
830 2922 888 2982 illa

121 3005 277 3082 Fortuna3
298 3006 355 3066 sed
375 3013 408 3067 te
431 3008 553 3068 censeri
573 3003 666 3067 laude
686 3012 824 3084 tuorum,

120 3089 268 3169 Pontice,
289 3088 459 3168 noluerim,
481 3092 526 3150 sic
546 3097 581 3151 nt
597 3089 677 3153 nihil
697 3093 764 3171 ipse
784 3091 908 3151 futurae
1114 3097 1150 3151 75

120 3172 235 3235 Laudis
256 3193 335 3253 agas.
377 3174 528 3235 Miserum
549 3182 598 3235 est
618 3173 749 3235 aliorum
767 3175 945 3236 incumbere
966 3174 1083 3252 ismae,

120 3257 168 3318 Ne
190 3257 325 3339 collapsa
344 3265 436 3319 ruant
455 3256 612 3319 subductis
632 3264 716 3320 tecta
735 3257 892 3319 columnis.

121 3339 243 3403 Stratus
263 3342 349 3402 humi
366 3340 482 3422 palmes
502 3342 608 3403 viduas
629 3342 787 3403 desiderat
806 3341 915 3403 ulmos.

120 3423 196 3483 Esto
218 3427 316 3486 bonus
337 3424 444 3503 miles,
463 3431 549 3485 tutor
570 3428 686 3504 bonus,
708 3426 825 3486 arbiter
844 3425 928 3485 idem

119 3505 261 3587 Integer,
281 3511 439 3589 ambiguae
461 3511 488 3570 si
510 3511 630 3588 quando
651 3511 788 3571 citabere
809 3511 900 3570 testis
1111 3515 1150 3568 80
