2530 3900
466 256 744 319 saulum.

44 431 52 439 ’
105 430 177 511 lpse
197 428 376 489 lacernatae
398 445 491 504 quum
512 443 546 485 11
567 426 701 485 iactaret
720 424 844 485 amicae.

106 514 218 575 Nonne
238 511 321 571 libet
340 508 440 570 medio
462 528 550 569 ceras
570 506 703 589 implere
725 526 852 588 capaces

108 596 298 676 Quadrivio,
319 613 409 673 quum
430 595 490 653 iam
512 598 599 653 sexta
620 595 741 653 cervice
761 592 897 668 feratur,

108 682 195 742 Hinc
218 685 308 758 atque
326 674 978 758 11111111111111111μ111111111111
1104 687 1139 741 65
1256 660 1257 665 ἵ

106 766 153 826 Et
175 761 300 824 multum
320 762 465 822 referens
486 761 525 821 de
546 761 729 822 Maecenate
751 762 876 840 supino,

110 847 271 925 Signator,
289 845 367 907 falso
390 847 443 925 qul
463 864 497 906 se
517 845 635 905 lautum
656 851 748 923 atque
766 846 892 905 beatum

64 947 71 957 ·
110 932 236 1009 Exiguis
256 928 370 990 tabulis
389 940 423 990 et
441 948 560 1009 gemma
577 929 699 989 iecerat
720 928 805 989 11111

112 1014 252 1075 Occurrit
272 1020 413 1074 matrona
433 1020 561 1094 potens,
582 1031 660 1091 quae
678 1011 773 1072 molle
796 1011 943 1073 Calenum

108 1098 295 1159 Porrectnra
314 1099 381 1158 viro
402 1100 512 1158 miscet
532 1099 659 1158 sitiente
680 1097 838 1173 rubetam,
1105 1103 1140 1158 to
1258 1176 1259 1181 η

106 1182 306 1262 Instituitque
327 1181 423 1242 rudes
444 1181 555 1242 melior
575 1181 708 1241 Locusta
728 1182 916 1261 propinquas

106 1267 170 1326 Per
189 1266 301 1327 famam
322 1272 355 1326 et
375 1264 524 1346 populum
541 1265 647 1344 nigros
670 1265 786 1325 efferre
807 1264 943 1324 maritos.

105 1350 196 1411 Ande
218 1349 335 1429 aliquid
354 1351 499 1410 brevibus
521 1350 632 1428 Gyaris
654 1356 687 1409 et
707 1367 833 1409 carcere
855 1347 996 1427 dIgnum,

107 1434 208 1494 Siris
230 1453 301 1495 esse
322 1432 456 1514 aliquid:
477 1434 616 1514 probitas
636 1431 781 1493 laudatur
798 1438 831 1492 et
851 1430 943 1510 alget.

108 1519 298 1579 Criminibus
320 1518 436 1579 debent
455 1519 581 1595 hortos,
601 1518 774 1597 praetoria,
795 1535 932 1593 11111111,
1104 1522 1139 1580 75

108 1603 281 1680 Argentum
301 1609 388 1663 vetus
411 1609 444 1662 et
464 1608 596 1662 stantem
618 1608 704 1661 extra
724 1599 836 1681 pocula
853 1620 986 1680 caprum.

109 1686 210 1761 Quem
230 1687 346 1765 patitur
367 1684 502 1745 dormire
522 1705 618 1745 nurus
638 1691 803 1764 corruptor
824 1703 948 1761 avarae,

111 1769 211 1844 Quem
230 1787 361 1848 sponsae
381 1776 490 1848 turpes
511 1776 543 1829 et
562 1775 773 1849 praetextatus
790 1765 934 1827 adulter?

111 1851 147 1910 Si
168 1857 277 1910 natura
297 1858 406 1929 negat,
427 1852 502 1912 iacit
520 1853 690 1932 indignatio
711 1870 850 1926 versum,
933 1878 936 1887 «

111 1933 363 2013 qualemcunque
382 1939 505 2015 potest3
527 1937 631 2015 quales
653 1955 710 2014 ego
731 1934 781 1996 vel
802 1933 978 1996 Cluuienus.
1104 1942 1138 1997 80

152 2018 201 2078 Ex
223 2038 284 2097 quo
303 2016 473 2079 Deucalion
493 2020 605 2081 nimbis
625 2018 808 2080 tollentibus
830 2037 946 2098 aequor

107 2102 235 2182 Navigio
257 2110 392 2163 montem
413 2103 554 2164 ascendit
575 2111 739 2183 sortesque
758 2105 916 2185 poposcit,

107 2185 320 2266 Paulatimque
342 2189 441 2248 anima
462 2186 624 2248 caluerunt
644 2185 750 2261 mollia
771 2208 856 2266 saxa,

107 2271 152 2333 Et
172 2271 305 2331 maribus
325 2271 422 2331 nudas
444 2270 582 2332 ostendit
601 2273 722 2352 Pyrrha
742 2270 877 2352 puellas:
1146 2311 1149 2315 »

110 2353 268 2433 Quidquid
289 2360 383 2434 agunt
402 2356 560 2432 1111111111,
582 2364 701 2433 votnm,
721 2357 830 2429 timor,
852 2355 915 2432 ira,
928 2351 1084 2432 voluptas,
1104 2360 1139 2414 85

110 2437 245 2517 Gaudia,
266 2438 440 2516 discursus,
458 2440 559 2499 nostri
580 2446 629 2500 est
647 2440 770 2517 farrago
792 2435 901 2499 libelli.

108 2522 153 2583 Et
174 2522 294 2601 qnando
311 2523 440 2583 uberior
459 2524 603 2583 vitiorum
625 2524 735 2603 copia?
757 2520 878 2602 quando

108 2605 215 2667 Maior
236 2608 380 2667 avaritiae
401 2608 501 2686 patuit
521 2609 628 2667 1111111
649 2607 717 2667 1111
738 2606 860 2685 quando

108 2690 176 2750 Hos
196 2691 333 2751 animos?
353 2708 455 2768 neque
476 2691 559 2752 enim
578 2690 690 2752 loculis
711 2691 925 2752 comitantibus
944 2690 1008 2750 itur

109 2772 160 2834 Ad
181 2793 283 2834 casum
304 2772 444 2851 tabulae,
465 2777 567 2855 posita
587 2776 644 2836 sed
664 2773 782 2835 luditur
802 2794 883 2835 arca.
1105 2777 1139 2833 90

110 2856 236 2918 Proelia
257 2864 369 2939 quanta
387 2857 455 2918 illic
477 2859 690 2940 dispensatore
711 2858 830 2918 videbis

111 2942 290 3021 Armigero!
312 2941 483 3024 simplexne
502 2944 591 3004 furor
612 2943 759 3004 sestertia
779 2950 901 3002 centurn

110 3025 249 3086 Perdere
272 3033 304 3086 et
324 3028 467 3087 horrenti
487 3028 620 3088 tunicam
641 3048 704 3088 non
723 3024 858 3086 reddere
876 3025 988 3085 servo?

111 3109 186 3186 Quis
206 3110 337 3170 totidem
358 3113 458 3172 erexit
477 3111 588 3172 villas?
608 3114 676 3192 quis
697 3109 816 3171 fercula
835 3115 955 3189 septem
996 3176 1001 3191 Ι

110 3193 241 3254 Secreto
263 3197 403 3255 coenavit
422 3197 517 3256 avus?
544 3215 625 3256 nunc
646 3193 786 3276 sportula
803 3195 903 3276 primo
1104 3194 1140 3250 9⁵

109 3276 230 3340 Limine
250 3298 343 3358 parva
364 3279 469 3357 sedet,
491 3282 601 3341 turbae
622 3278 770 3360 rapienda
791 3282 923 3356 togatae.

109 3359 169 3422 llle
190 3370 295 3422 tamen
314 3362 425 3424 faciem
444 3365 530 3444 prius
550 3365 677 3444 inspicit
698 3369 731 3423 et
747 3360 901 3441 trepidat,
920 3377 961 3419 ne

112 3445 295 3527 Suppositus
315 3448 420 3506 venias
440 3468 475 3507 11
494 3446 574 3508 falso
595 3448 719 3506 nomine
739 3464 856 3526 poscas.

109 3530 241 3610 Agnitus
261 3531 410 3610 accipiea3
430 3532 517 3591 iubet
538 3553 555 3592 1
574 3548 729 3611 praecone
750 3528 853 3588 vocari
952 3598 989 3660 l*
