2530 3900
190 240 234 306 ao
493 241 530 302 n.
553 239 642 334 run.
664 238 926 302 IUVENALIS

190 407 347 473 Hannibal
366 414 399 470 et
421 412 538 468 stantes
560 404 684 468 collina
704 412 793 466 turre
813 407 924 467 mariti.

189 495 278 555 Nunc
296 494 429 574 patimur
447 492 557 571 longae
577 492 662 570 pacis
682 488 777 564 mala;
797 491 917 550 saevior
937 494 1029 553 armis

189 579 325 639 Luxuria
342 578 482 638 incubuit
501 576 676 653 victumque
697 572 858 633 ulciscitur
879 576 995 636 orbem.

189 661 315 723 Nullum
337 663 454 722 crirnen
475 660 563 719 abest
585 658 766 737 facinusque
787 655 944 735 libidinis,
965 677 1004 722 ex
1025 682 1085 742 quo

188 748 360 827 Paupertas
380 744 516 805 Romana
535 744 634 824 perit:
655 743 728 801 hino
748 743 837 802 fluxit
857 742 896 802 ad
916 745 993 803 istos
1151 758 1219 815 ,295

61 840 63 851 '
185 831 234 895 Et
255 830 381 910 Sybaris
403 825 517 906 colles,
537 828 611 887 binc
633 831 666 887 et
685 825 812 886 Rhodos
834 833 866 886 et
886 824 1015 888 Miletos

189 917 294 993 Atque
314 917 493 973 coronatum
513 918 546 972 et
565 909 708 991 petulans
729 908 944 990 madidumque
967 912 1147 978 Tarentum.

187 1000 293 1060 Prima
312 997 495 1077 peregrinos
518 998 671 1056 obscoena
690 995 822 1075 pecunia
844 1014 946 1056 mores

188 1080 316 1160 Intulit,
339 1088 372 1141 et
390 1082 476 1162 turpi
495 1081 660 1157 fregerunt
680 1077 784 1139 secula
802 1076 876 1139 luxu

188 1166 323 1227 Divitiae
342 1162 464 1225 molles.
498 1162 580 1240 Quid
601 1164 683 1223 euim
704 1163 810 1226 Venus
831 1164 919 1223 ebria
938 1166 1048 1224 emate
1170 1175 1220 1231 30⁰

188 1250 326 1329 Inguinis
349 1254 382 1309 et
403 1249 512 1330 capitis
535 1265 612 1326 quae
633 1249 697 1308 sint
718 1247 909 1326 discrimina,
932 1250 1047 1326 nescit,

189 1332 327 1394 Grandia
348 1350 427 1413 quae
448 1330 559 1391 mediis
576 1332 638 1391 iam
657 1332 799 1391 nectibus
820 1338 924 1393 ostrea
944 1332 1083 1412 mordet,

188 1419 290 1495 Quum
309 1416 437 1498 perfusa
457 1434 544 1476 mero
565 1421 707 1495 spumant
723 1422 880 1494 unguenta
898 1414 1050 1496 Falerno,

188 1503 289 1579 Quum
309 1502 427 1562 bibitur
448 1500 583 1578 concha,
602 1518 695 1579 quum
715 1500 774 1558 iam
792 1501 945 1578 vertigine
966 1507 1083 1563 tectum

187 1585 334 1647 Ambulat
353 1592 386 1646 et
406 1586 535 1663 geminis
556 1585 694 1662 exsurgit
714 1602 820 1644 mensa
840 1580 987 1648 lucernis.

187 1671 203 1732 1
223 1688 305 1731 nune
327 1676 360 1730 et
381 1668 502 1747 dubita,
523 1688 583 1748 qua
605 1670 730 1729 sorbeat
750 1668 822 1728 aeia
842 1688 936 1729 sanna

190 1752 312 1833 Tullia,
333 1753 409 1835 quid
432 1752 514 1813 dicat
533 1758 626 1813 notae
649 1751 800 1814 collactea
820 1753 966 1832 Maurae,

187 1839 298 1901 Maura
318 1837 492 1900 Pudicitiae
512 1844 651 1898 veterem
671 1857 764 1917 quum
784 1839 939 1917 praeterit
959 1858 1050 1902 aram.

187 1923 338 1984 Noctibus
360 1923 411 1981 laic
432 1926 551 2002 ponunt
571 1920 715 1999 lecticas,
736 1923 916 1982 micturiunt
937 1924 990 1983 bic

185 2007 394 2148 Effigiemque
416 2004 493 2064 deae
514 2003 616 2083 longis
637 2006 819 2083 siphonibus
838 2004 973 2085 implent

185 2090 284 2169 lnque
303 2089 334 2149 vi
353 2107 387 2149 es
409 2089 549 2167 equitent
569 2107 604 2147 ac
623 2086 697 2148 luna
717 2094 799 2148 teste
819 2098 990 2154 moventur.

185 2172 263 2234 lude
285 2169 391 2257 domos
409 2173 539 2232 abeunt:
560 2178 595 2231 tn
614 2171 713 2232 calcas
730 2172 802 2233 luce
821 2192 946 2235 reversa

187 2257 336 2336 Coniugis
357 2258 476 2317 urinam
496 2275 622 2335 magnos
642 2254 761 2317 visuum
780 2260 901 2319 amicos.

184 2341 266 2404 Nota
286 2342 391 2402 Bonae
412 2348 534 2402 secreta
554 2341 656 2418 Deae,
676 2361 768 2420 quum
786 2343 863 2402 tibia
882 2341 1003 2403 lumbos

184 2427 297 2488 Incitat
317 2433 351 2486 et
370 2445 467 2486 cornu
486 2426 605 2506 pariter
624 2428 757 2505 vinoque
779 2426 923 2487 feruntur

185 2505 347 2571 Attonitae
369 2512 549 2588 crinemque
569 2516 689 2589 rotam,
710 2509 849 2571 ululante
869 2512 998 2591 Priapo,

185 2592 365 2654 Maenades.
397 2593 424 2652 0
446 2599 576 2672 quantus
598 2600 671 2653 tuno
690 2592 757 2654 illis
777 2597 930 2656 mentibus
950 2593 1043 2655 ardor

186 2677 390 2737 Concubitus!
411 2695 490 2756 quae
510 2697 568 2737 vox
588 2676 719 2757 saltante
739 2677 884 2740 libidine!
906 2685 1035 2758 quantus

184 2758 243 2822 llle
264 2762 343 2820 meri
363 2762 479 2822 veteris
499 2779 558 2841 per
580 2781 670 2822 crura
689 2760 844 2823 madentia
866 2764 1005 2824 torrens!

184 2844 352 2905 Lenonum
366 2843 493 2906 ancillas
512 2846 613 2925 posita
633 2845 776 2907 Lanfella
796 2866 909 2909 corona
1164 2857 1217 2912 320
1251 2848 1253 2945 l

184 2929 338 2990 Provocat
359 2936 392 2990 et
411 2928 496 2991 tollit
516 2922 683 3009 pendentis
702 2934 839 3012 praemia
859 2950 968 3010 coxae,

183 3012 254 3092 lpsa
274 3012 466 3075 Medullinae
485 3014 612 3075 frictum
633 3017 792 3077 crissantis
813 3015 933 3076 adorat:

182 3094 321 3158 Palmam
341 3100 424 3159 inter
445 3098 582 3159 dominas
600 3100 697 3159 virtus
716 3098 870 3161 natalibus
890 3107 1009 3179 aequat.
1250 3068 1252 3187 i

182 3179 238 3243 Nil
257 3182 302 3242 ibi
322 3201 380 3262 per
400 3181 505 3243 ludum
526 3182 734 3258 simulabitur3
755 3185 855 3245 omnia
874 3184 953 3244 fient
1251 3194 1252 3197 ’

183 3264 234 3325 nd
254 3283 377 3344 verum,
398 3267 508 3346 quibus
528 3266 653 3327 incendi
674 3267 733 3328 iam
753 3266 885 3346 frigidus
906 3287 980 3329 aeva
1162 3276 1211 3331 326

180 3349 462 3410 Laomedontiades
484 3357 518 3411 et
536 3350 679 3427 Nestoris
698 3352 808 3413 berula
828 3354 934 3433 possit.

185 3432 274 3494 'l'unc
295 3436 422 3515 prurigo
443 3452 548 3495 morae
568 3436 747 3515 impatiens,
768 3443 843 3497 tuno
863 3439 977 3499 femina
998 3434 1148 3520 simplex,

182 3515 226 3578 Et
245 3524 312 3579 toto
332 3521 452 3601 pariter
471 3519 625 3600 repetitus
646 3518 759 3581 clamor
779 3522 817 3582 ab
839 3529 943 3584 antrm
