2542 3900
146 200 204 298 ua⁴
446 228 483 292 n
507 228 597 291 auu
618 228 881 297 ruvnusurs

146 356 306 463 Bellorum
324 415 439 478 pompa
455 397 584 457 animam
604 393 779 459 exhalasset
798 399 944 478 opimam,

150 487 249 562 Quum
270 482 309 543 de
332 481 505 543 Teutonico
525 477 621 540 vellet
642 478 834 543 descendere
856 483 971 543 currui

148 566 283 630 Provida
302 566 451 646 Pompeio
473 561 605 624 dederat
626 564 792 645 Campania
812 566 920 633 febres

150 649 323 733 Optandaa,
344 649 401 711 sed
486 653 535 707 tae
557 649 650 709 urbes
670 655 703 708 et
722 649 844 729 publica
864 656 934 710 vota
1045 671 1052 693 ι

147 738 317 810 Vicerunt3
337 736 433 812 igitur
481 737 591 793 ortnna
610 733 707 812 ipsius
730 740 763 793 et
782 734 867 793 urbia
1093 727 1097 737 ’
1126 741 1175 797 285
1253 746 1256 753 ⁴

150 821 311 881 Servatum
331 820 412 877 victo
435 823 526 897 caput
547 816 683 877 abstulit.
726 817 804 877 Hoc'
816 820 954 900 cruciatu

148 904 315 980 Lentulus,
337 903 394 962 hac
413 920 514 981 poena
534 902 633 962 caruit
653 901 828 981 ceciditque
850 903 1007 982 Cethegus

148 990 290 1067 Integer,
313 993 346 1051 et
364 988 459 1046 iacuit
479 983 613 1046 catilina
635 985 783 1047 cadavere
803 992 900 1049 toto.

191 1072 334 1133 Formam
356 1076 443 1152 optat
462 1068 582 1130 modico
604 1072 726 1150 pueris,
746 1072 862 1133 maiore
883 1068 996 1150 puellis

149 1157 325 1232 Murmure,
346 1175 439 1234 quum
458 1155 593 1217 Veneris
613 1154 718 1214 fanum
735 1154 821 1216 videt
837 1156 927 1216 anxia
948 1160 1063 1233 mater,
1123 1162 1176 1216 290

97 1271 100 1283 ·
148 1241 255 1318 Usque
276 1240 316 1301 ad
338 1238 465 1299 delicias
486 1245 636 1301 votorum.
682 1239 882 1317 Certamen,
905 1240 1022 1319 inquit,

149 1324 331 1404 Corripiasi
351 1321 481 1404 pulchra
502 1320 615 1399 gaudet
635 1320 753 1382 Latona
769 1323 874 1384 Diana.

150 1407 214 1471 Sed
235 1413 319 1468 vetat
341 1407 441 1487 optari
461 1405 573 1465 faciem
593 1404 754 1483 Lucretia,
778 1406 898 1485 qualem

148 1492 217 1572 ipsa
233 1493 356 1566 habuit3
376 1496 507 1571 cuperet
526 1488 650 1557 Rutilae
671 1490 821 1567 Verginia
840 1492 964 1568 gibbum

148 1577 301 1656 Accipere
322 1582 414 1654 atque
434 1594 518 1636 suam
538 1571 662 1637 Rutilae
682 1573 765 1635 dare.
808 1572 909 1635 Filius
930 1581 1031 1635 autem
1122 1581 1176 1636 295

149 1661 297 1741 Corporis
317 1660 435 1739 egregii
455 1660 586 1720 miseros
604 1658 806 1738 trepidosque
828 1663 974 1739 parentes

149 1745 279 1825 Semper
300 1745 403 1805 habet.
446 1743 527 1804 Rara
548 1749 597 1803 est
619 1741 696 1805 adeo
719 1742 884 1804 concordia
904 1744 1022 1805 formae

147 1831 250 1909 Atque
269 1828 444 1909 pudicitiae
478 1828 607 1891 Sanctos
627 1827 703 1889 licet
723 1827 852 1891 horrida
872 1846 974 1889 mores

149 1912 331 1973 Tradiderit
351 1910 458 1974 domna
479 1933 514 1972 ac
534 1918 659 1975 veteres
678 1913 797 1973 imitata
818 1913 962 1991 Sabinas,

146 1997 317 2057 Praeterea
338 1998 484 2063 castum
475 1998 631 2075 ingenium
652 1993 832 2075 vultumque
852 1996 1024 2057 modestum
1121 2003 1179 2056 30⁰

148 2081 302 2158 Sanguine
323 2079 496 2147 ferventem
517 2081 634 2143 tribuat
653 2087 762 2140 natura
782 2081 914 2159 benigna

146 2164 246 2242 Larga
267 2182 372 2222 manu·
395 2157 492 2248 (quid
513 2165 594 2224 enim
615 2181 713 2244 puero
736 2158 881 2225 conferre
901 2171 1007 2246 potest
1025 2157 1094 2243 plus

148 2246 285 2311 Custode
307 2254 340 2308 et
363 2268 436 2311 cura
454 2252 565 2308 natura
582 2249 741 2329 potentior
762 2245 888 2334 omni‘l]

146 2332 215 2392 Non
235 2331 312 2393 licet
332 2351 401 2394 esse
420 2333 519 2406 viros3
540 2353 610 2395 nam
629 2332 759 2413 prodige
780 2335 971 2414 corruptoris

146 2418 329 2496 Improbitas
349 2419 433 2496 ipsos
456 2415 549 2477 audet
569 2424 692 2481 tentare
713 2423 869 2496 parentes.
1125 2424 1180 2478 305

148 2500 249 2559 Tanta
268 2501 301 2559 in
320 2502 497 2563 muneribus
518 2499 645 2561 fiducia!
666 2499 770 2563 nullus
793 2503 946 2581 ephebum

145 2583 325 2644 Deformem
345 2602 433 2647 saeva
455 2585 600 2647 castravit
617 2584 651 2645 in
672 2603 744 2645 arce
763 2592 927 2665 tyrannus,
1026 2636 1030 2642 .

145 2668 211 2727 Nec
232 2673 457 2747 praetextatum
476 2668 580 2746 rapuit
600 2668 684 2727 Nero
708 2667 881 2749 loripedem
902 2665 953 2728 vel

146 2751 339 2811 Strumoaum
359 2756 452 2829 atque
471 2756 561 2817 utero
582 2753 701 2831 pariter
722 2753 876 2833 gibboque
897 2757 1079 2819 tumentem.

144 2836 233 2896 Nunc
254 2854 328 2915 ergo
351 2837 456 2916 specie
477 2836 596 2899 iuvenis
616 2834 735 2896 laetare
756 2839 818 2915 tui,
840 2856 931 2917 quem
1124 2846 1180 2901 310
1259 2870 1260 2911 ι

144 2919 266 2981 Maiora
284 2925 463 3001 exspectant
482 2918 674 2981 discrimina!
695 2921 752 2981 fiet
773 2920 895 2989 adulter

144 2998 291 3064 Publicus
312 3012 345 3065 et
361 3023 480 3105 poenas
502 3010 621 3065 metuet
641 3025 846 3085 quascumque
868 3007 971 3066 mariti

143 3089 277 3166 Erigere
298 3090 386 3164 irati3
407 3108 466 3155 nec
489 3090 551 3153 erit
571 3089 695 3149 felicior
714 3096 798 3153 astro

142 3172 273 3250 Martis,
293 3174 380 3232 ut1n
400 3171 529 3252 laqueos
550 3192 713 3251 numquam
731 3172 855 3237 incidat.
898 3174 1002 3252 Exigit
1023 3178 1130 3235 autem

128 3254 301 3316 interdum
320 3255 374 3317 ille
398 3257 488 3317 dolor
508 3255 596 3337 plus,
619 3277 708 3336 quam
728 3256 781 3317 lex
801 3255 865 3317 ulla
885 3255 988 3318 dolori
1123 3266 1180 3320 315
1259 3274 1260 3281 ’

143 3340 324 3416 Concessit3
345 3347 437 3403 necat
456 3342 508 3403 hic
529 3341 633 3418 ferro,
655 3350 740 3402 secat
759 3339 815 3401 ille
838 3343 975 3403 cruentis
1259 3352 1260 3385 ἐ

142 3385 352 3502 Verberibus,
375 3423 521 3502 quosdam
540 3425 685 3485 moechos
707 3431 748 3489 et
744 3424 880 3504 mugilis
899 3428 1003 3489 intrat.

142 3505 206 3569 Sed
226 3515 296 3568 tuas
317 3509 491 3591 Endymion
514 3507 648 3575 dilectae
668 3509 724 3579 fiet
743 3507 868 3573 adulter
