2542 3900
617 92 630 125 A

127 222 168 286 as
421 170 863 305 nsruaruvnrmm
981 278 984 283 ,

126 392 203 469 Quis
223 387 310 450 loeus
330 389 471 466 ingenio,
491 388 552 449 nisi
573 406 663 465 quum
683 406 718 448 se
737 389 871 449 carmine
893 388 959 450 solu

128 476 251 538 Vexent
272 478 305 533 et
322 471 452 533 dominis
474 471 605 532 Cirrhae
626 472 789 551 Nysaeque
810 472 954 532 feruntur

127 559 261 619 Pectora
282 563 402 635 nostra,
424 555 497 616 duas
517 574 580 614 non
602 554 795 616 admittentia
815 557 926 616 eurus?
1118 566 1156 620 65

127 643 259 721 Magnae
280 642 392 701 mentis
413 659 489 719 opus
510 657 568 699 nec
591 638 630 700 de
650 639 752 700 lodice
772 639 908 721 paranda

125 728 303 804 Attonitae,
324 742 432 785 currus
454 729 488 782 et
509 740 605 802 equos
626 724 784 804 faciesque
806 724 935 786 deornm

126 812 295 891 Aspicere,
318 815 351 868 et
372 805 469 887 qualis
489 805 636 868 Rutulum
657 807 824 869 confundet
843 809 989 886 Erinnys.

125 895 203 956 Nam
223 896 250 954 si
270 890 410 971 Vergilio
432 910 510 971 puer
530 897 564 951 et
584 890 750 952 tolerabile
771 891 873 952 desit

125 979 319 1059 Hospitium,
340 973 488 1036 caderent
509 993 615 1036 omnes
635 997 653 1036 a
677 978 813 1038 crinibus
834 973 943 1054 hydri3
1119 987 1157 1042 70

124 1062 227 1123 Surda
247 1058 326 1120 nihil
344 1071 483 1139 gemeret
503 1078 594 1138 grave
615 1062 759 1121 buccina:
778 1061 949 1141 poscimus,
969 1064 1005 1120 ut
1025 1061 1067 1121 sit

125 1147 195 1208 Non
216 1146 317 1204 minor
337 1145 462 1223 antiquo
484 1143 648 1205 Rubrenus
669 1145 774 1225 Lappa
796 1145 963 1222 cothurno,

126 1231 222 1291 ouius
244 1234 277 1288 et
298 1225 433 1288 alveolos
455 1233 488 1286 et
507 1225 628 1289 laenam
648 1230 791 1308 pignerat
811 1229 935 1287 Atreus.

125 1314 195 1375 Non
215 1314 310 1377 hahet
329 1310 440 1373 infelix
459 1309 617 1389 Numitor,
641 1310 722 1391 quod
744 1313 846 1371 mittut
866 1312 978 1371 amieo:

126 1395 298 1473 Quintillae
320 1395 403 1474 quod
421 1393 534 1472 donet,
555 1396 666 1470 hahet;
686 1414 745 1455 nec
767 1395 868 1471 defuit
883 1392 953 1474 illi,
1120 1406 1155 1461 75

126 1479 229 1551 Unde,
240 1486 361 1541 emeret
380 1476 476 1561 multa
495 1478 684 1558 pascendum
703 1497 797 1539 carne
817 1477 942 1539 leonem
1260 1484 1261 1491 ’

126 1566 189 1625 lam
211 1564 373 1625 domitum:
394 1568 516 1623 constat
534 1561 646 1625 leviori
667 1562 770 1624 bellua
790 1569 912 1642 sumptu

125 1649 293 1727 Nimirum,
315 1655 348 1709 et
369 1649 494 1727 capiunt
513 1645 585 1726 plus
604 1649 753 1708 intestina
773 1652 894 1728 poetae.

127 1733 299 1794 contentus
320 1733 401 1793 fama
421 1732 521 1791 iaceat
540 1730 680 1792 Lucanus
700 1733 734 1791 in
751 1733 852 1809 hortis

126 1817 326 1879 Marmoreis:
348 1822 380 1877 at
401 1815 535 1877 Serrano
557 1819 705 1894 tenuique
728 1814 850 1876 Saleio·
1118 1825 1156 1880 8⁰

127 1900 234 1962 Gloria
256 1898 449 1981 quantalibet
469 1898 543 1978 quid
565 1902 642 1979 erit,
664 1903 691 1961 si
710 1898 809 1979 gloria
829 1904 947 1959 tantum
969 1899 1040 1959 esti

127 1986 271 2045 Curritnr
293 1982 332 2044 ad
350 2001 458 2044 vocem
478 1982 640 2044 iucundam
661 1990 695 2043 et
716 2002 840 2043 carmen
861 1983 976 2043 amicae
1000 1989 1003 1997 ’

127 2066 321 2145 Thebaidos,
342 2065 456 2127 laetam
476 2066 554 2126 fecit
575 2085 667 2146 quum
688 2066 803 2127 Statius
823 2067 932 2127 urbem

125 2151 333 2229 Promisitque
355 2149 445 2210 diem.
489 2149 589 2210 Tanta
610 2149 774 2211 dulcedine
796 2156 900 2230 captos
1260 2172 1261 2199 ι

126 2234 235 2294 Afficit
254 2233 308 2307 ille
331 2235 462 2311 animos,
481 2238 628 2313 tuumque
649 2232 780 2295 libidine
801 2234 884 2312 vulgi
1118 2242 1156 2297 85
1260 2280 1261 2285 1

126 2317 275 2378 Auditur:
298 2318 369 2396 sed,
391 2337 483 2397 quum
502 2317 599 2397 fregit
620 2317 768 2379 subsellia
788 2336 896 2396 versu,

126 2403 248 2481 Esurit,
269 2404 415 2463 intactam
436 2401 541 2462 Paridi
562 2404 623 2463 nisi
643 2404 757 2464 vendat
777 2404 911 2480 Agaven.

126 2485 184 2546 Ille
205 2491 239 2544 et
258 2486 386 2547 militiae
408 2485 512 2546 multis
531 2484 663 2565 largitur
683 2488 849 2564 honorem,

127 2570 279 2630 Semestri
299 2574 400 2629 vatum
419 2569 531 2647 digitos
553 2570 744 2650 circumliglt
765 2590 848 2631 auro.

127 2652 219 2729 Quod
239 2673 301 2713 non
306 2650 396 2712 dant
415 2671 579 2732 proceres,
600 2654 685 2715 dabit
705 2656 831 2715 histrio.
851 2660 886 2714 tu
905 2654 1156 2717 Camerinosbo

126 2737 170 2798 Et
191 2738 321 2815 Bareas,
343 2744 378 2796 tu
396 2735 545 2796 nobilium
565 2757 612 2797 ma
656 2759 674 2798 a
695 2739 773 2799 atria
795 2738 907 2798 curas?

127 2820 308 2881 Praefectos
328 2819 464 2907 Pelopea
484 2821 622 2898 facit,P
598 2757 771 2883 Plllomela
791 2823 939 2882 tribunos.

127 2904 219 2965 Haud
238 2911 341 2964 tamen
359 2897 496 2965 invideas
515 2863 594 2984 vatl,
616 2925 706 2986 quem
725 2904 845 2986 pulpita
863 2911 999 2985 pascunt

128 2990 204 3065 Quis
225 2990 284 3048 tibi
304 2975 493 3049 Maecenas?
514 2992 581 3067 quis
601 3010 681 3051 nunc
703 2993 765 3059 erit
786 2995 838 3049 aut
857 2987 1038 3050 Proculeius

126 3073 191 3132 Ant
209 3072 345 3132 Fabius?
368 3075 435 3152 quis
456 3074 548 3134 Cotta
568 3075 728 3135 iterum?
723 3075 790 3152 quis
810 3073 959 3134 Lentulus
980 3072 1084 3134 alteri
1120 3081 1157 3138 95

128 3157 218 3217 Tunc
238 3175 296 3237 par
316 3158 440 3235 ingenio
461 3158 611 3247 pretium
632 3164 705 3218 tunc
727 3157 803 3218 utile
823 3154 929 3217 multis

126 3238 253 3300 Pellene
274 3246 308 3299 et
328 3241 430 3300 vinum
450 3246 516 3300 toto
537 3235 658 3302 nescire
680 3242 853 3303 Decembri.

167 3325 283 3386 Vester
303 3344 398 3404 porro
418 3325 506 3385 labor
525 3323 704 3404 fecundior,
726 3326 923 3385 historiarum

128 3406 326 3488 Scriptores?
347 3410 427 3487 petit
447 3408 498 3468 hic
519 3407 587 3487 plus
609 3411 757 3491 temporis
779 3416 870 3487 utque
893 3410 954 3471 olei
974 3407 1060 3489 plus;

127 3490 265 3571 Namque
288 3493 384 3555 oblite
399 3491 483 3554 modi
503 3491 666 3554 millesima
685 3493 795 3574 pagina
814 3496 913 3574 surgit
1107 3504 1163 3558 10⁰
1260 3546 1261 3555 ,
