2530 3900
482 200 682 264 samua
708 202 745 265 ll.

98 371 258 447 libertas,
280 374 315 428 et
333 368 418 428 crine
437 383 533 429 senex
552 369 703 430 fanaticus
724 367 795 428 albo

100 457 120 516 S
172 473 262 514 orum
283 451 426 529 antistes,
447 471 551 512 rurum
571 472 605 513 uc
626 450 825 513 memorabile
846 456 948 532 magni

99 540 126 601 (i
211 538 241 597 is
263 534 435 615 exemplum
456 534 734 616 conducendusque
755 536 908 615 magister.

99 621 181 699 Quid
192 627 297 680 tamen
312 625 506 699 exspectant,
522 619 657 699 Phrygio
673 639 749 699 quos
764 625 886 701 tempus
901 627 967 681 erat
985 624 1045 684 iam
1071 634 1123 689 115

97 707 192 768 More
213 721 425 784 supervacuam
446 700 554 763 cultris
574 705 760 783 abrumpere
780 705 926 765 carnem?

99 786 326 866 Quadringenta
347 785 435 847 dedit
456 787 613 848 Gracchus
632 789 778 848 sestertia
799 786 903 849 dotem

101 872 269 949 Goruiciui,
290 872 355 931 sive
376 871 428 930 hic
448 877 537 931 recto
558 877 734 931 cantaverat
753 889 836 935 aere.

102 957 241 1034 Signatae
259 954 400 1029 tabulae3
422 952 537 1015 dietum
556 954 583 1016 F
585 953 722 1016 eliciter!
741 956 853 1034 iugens

102 1041 203 1102 Coena
222 1039 328 1114 sedet3
347 1040 465 1116 gremio
485 1039 580 1099 iacuit
598 1057 677 1098 nova
696 1045 792 1119 nupta
809 1040 922 1101 meriti.

25 1177 29 1184 .
98 1124 124 1185 0
142 1140 307 1203 proceres,
327 1140 457 1183 censore
478 1136 556 1204 opus
576 1129 626 1183 est
647 1141 685 1182 an
701 1123 864 1203 haruspice
884 1124 995 1184 nobis?

96 1206 223 1269 Scilicet
242 1208 392 1267 horreres
411 1208 589 1285 maioraque
610 1212 747 1267 monstra
766 1213 910 1287 putores,

95 1292 129 1353 Si
148 1289 261 1352 mulier
279 1289 423 1368 vitulum,
443 1288 496 1350 vcl
512 1291 539 1350 si
559 1291 617 1351 bos
637 1289 750 1351 ederet
770 1292 901 1369 agnum?

94 1376 259 1456 Segmenta
281 1381 314 1435 et
332 1375 441 1454 longos
461 1374 584 1436 babitus
606 1380 640 1434 et
658 1376 768 1436 damea
788 1377 896 1453 sumit,

93 1463 214 1522 Arcano
237 1460 290 1538 qui
304 1478 391 1519 sacra
412 1459 519 1518 ferens
539 1459 679 1519 nutantia
697 1457 766 1519 loro

93 1544 221 1606 Sudavit
239 1542 358 1623 clypeis
375 1542 533 1604 ancilibus.
577 1542 603 1603 0
622 1547 713 1623 pater
732 1543 834 1621 urbis,

91 1628 184 1691 Unde
204 1627 292 1685 nefas
311 1632 431 1687 tantum
447 1625 544 1687 Latiis
565 1627 764 1707 pastoribus?
784 1625 866 1687 unde

91 1713 180 1773 Haec
201 1711 323 1788 tetigit,
343 1709 494 1786 Gradive,
515 1715 585 1770 tuos
604 1712 704 1770 urtica
723 1711 878 1789 nepotes?

94 1794 245 1856 Traditur
266 1810 339 1855 eece
357 1794 426 1852 viro
447 1791 547 1853 clarus
567 1812 683 1872 genere
705 1798 797 1872 atque
816 1794 924 1874 opibus
945 1795 1007 1854 vir:

91 1879 161 1941 Nec
181 1875 300 1956 galeam
321 1894 460 1954 quassas,
480 1895 538 1938 neo
558 1884 673 1938 terram
695 1875 822 1956 cuspide
842 1874 964 1957 pulsus,

90 1964 159 2024 Nec
180 1960 321 2040 quereris
340 1960 444 2040 patri?
464 1959 541 2021 vade
562 1980 636 2041 ergo
658 1968 691 2022 et
711 1960 789 2022 cede
807 1963 907 2023 severi

90 2046 251 2126 iugeribus
273 2046 386 2124 campi,
408 2063 499 2124 quem
520 2045 665 2146 negligis!
697 2044 842 2106 Officium
862 2066 932 2107 eras

90 2132 196 2192 Primo
216 2126 282 2189 sole
299 2128 375 2188 mihi
395 2128 635 2209 peragendum'
625 2148 658 2188 ιιι
677 2127 756 2189 valle
776 2130 906 2206 Quirini.

91 2216 178 2291 Quae
200 2232 288 2273 causa
309 2211 427 2272 officii?
449 2213 523 2292 quid
544 2213 724 2293 quoeris?
709 2214 798 2273 nubit
818 2214 946 2291 amicus,

89 2299 158 2358 Nec
178 2295 288 2357 multos
308 2295 444 2356 adhibet
485 2296 594 2356 Liceat
613 2296 703 2356 modo
724 2298 842 2356 vivere:
860 2296 952 2373 fient,

89 2382 186 2442 Fient
206 2382 265 2440 ista
283 2377 399 2459 palam,
418 2381 545 2459 cupient
567 2382 628 2440 et'
618 2398 652 2439 ιιι
673 2385 739 2439 acta
760 2379 884 2440 referri.

88 2466 216 2526 Interea
232 2463 450 2523 tormentum
440 2481 550 2541 angens
569 2464 756 2523 nubentibus
776 2464 902 2540 haeret,

88 2548 182 2626 Quod
201 2551 360 2625 nequeunt
380 2563 493 2625 perere
512 2553 546 2607 et
564 2554 655 2627 putu
674 2547 813 2631 retinere
833 2547 969 2609 maritos.

88 2632 155 2693 Sed
176 2629 302 2708 melius,
323 2628 407 2708 quod
426 2628 472 2689 nil
493 2630 631 2691 animis
621 2648 655 2691 ιιι
676 2624 816 2711 corpora
826 2633 904 2691 iuris

86 2717 206 2777 Natura
225 2711 374 2793 indulget.
417 2713 549 2776 Steriles
567 2715 755 2794 morientur,
775 2721 809 2774 et
829 2713 893 2774 illis

87 2799 230 2879 Turgida
249 2816 312 2856 non
329 2796 460 2878 prodest
480 2797 604 2859 condita
622 2795 736 2879 pyxide
758 2796 878 2876 lyde„

84 2883 154 2946 Nee
174 2880 304 2963 prodest
325 2880 396 2960 agili
415 2879 530 2961 pulmon
550 2883 703 2962 praebere
723 2881 876 2960 Luperco.

128 2966 215 3028 Vicit
233 2971 266 3026 et
286 2965 346 3025 hoc
366 2969 536 3025 monstrum
556 2966 686 3025 tunicati
705 2964 825 3029 fuscina
845 2963 994 3043 Gracchi,

86 3050 307 3126 Lustravitque
328 3049 401 3126 fuga
421 3047 553 3109 mediam
574 3046 725 3127 gladiator
745 3067 887 3127 trenam,

82 3135 129 3195 nt
150 3130 335 3215 Capitolinis
348 3134 536 3210 generosior
557 3138 591 3191 et
611 3129 771 3193 Marcellis

82 3219 128 3278 nt
151 3215 269 3278 Catulis
288 3214 470 3295 Paullisquo
489 3215 658 3276 minoribus
681 3220 715 3275 et
731 3216 836 3277 Fabiis
858 3220 891 3275 et

81 3301 238 3362 Omnibus
258 3297 298 3358 ad
318 3299 443 3379 podium
463 3299 690 3381 spectantibus3
710 3299 759 3360 his
778 3297 855 3360 licet
874 3300 974 3379 ipsum
1020 3347 1024 3359 ,

80 3383 277 3460 Admoveas,
298 3383 384 3442 cuius
403 3388 477 3443 tuuc
497 3399 625 3444 munere
643 3383 725 3441 retia
744 3384 837 3444 misit.

126 3469 208 3532 Esse
228 3464 350 3546 aliquos
369 3483 474 3529 manes
495 3473 527 3527 et
547 3465 748 3526 subterranea
767 3482 863 3542 regna
