2530 3900
146 204 188 268 10
441 203 478 265 D.
500 202 593 264 lUN.
614 202 874 265 IUVENALIS

146 375 188 434 nt
209 378 332 433 contum
354 379 387 433 et
408 372 514 451 Stygio
535 388 625 429 ranas
643 370 676 428 in
698 373 818 448 gurgite
837 373 957 452 nigras,
1125 385 1180 439 150

147 459 249 535 Atque
269 477 330 517 uua
347 458 482 517 transire
502 453 611 514 vadum
632 459 681 513 tot
701 453 799 514 millia
820 458 943 535 cymba,

146 540 211 601 Nec
231 543 321 621 pueri
343 540 490 617 credunt,
511 539 571 596 nisi
593 539 646 617 qui
665 537 800 599 nondum
822 559 894 600 aere
916 539 1064 604 lavantur.

147 624 210 685 Sed
229 631 266 685 tu
285 644 358 686 vera
375 630 464 706 puta:
487 623 597 682 Curius
620 621 695 699 quid
714 625 811 684 sentit
832 633 864 683 et
886 625 973 684 ambo

147 708 333 788 Scipiadae?
356 705 430 787 quid
449 706 609 766 Fabricius
630 724 796 785 manesque
817 707 965 768 Camilli?

147 792 229 869 Quid
250 794 417 853 Cremerae
437 788 521 869 legio
543 796 576 850 et
598 790 711 851 Gannis
734 799 912 873 consumpta
933 795 1090 875 iuventus,
1124 806 1178 859 155
1250 854 1251 881 p

147 877 211 936 Tot
230 876 382 939 bellorum
404 877 538 953 animae,
561 875 681 951 quoties
702 876 775 935 hinc
792 876 864 936 talis
886 876 925 936 ad
945 876 1018 939 illos

145 962 261 1022 Umbra
282 961 388 1020 venit?
409 964 560 1040 cuperent
577 956 714 1037 lustrari,
736 961 841 1039 siqua
862 959 1011 1023 darentur

148 1045 304 1125 Sulphura
323 1064 390 1104 cum
411 1044 528 1121 taedis,
551 1049 584 1101 et
605 1044 632 1102 si
653 1043 737 1103 foret
757 1044 881 1105 humida
901 1043 1015 1107 laurus.

144 1128 241 1205 illuc,
263 1129 341 1207 heu,
363 1129 471 1189 miseri
490 1126 695 1207 traducimur!
715 1129 810 1189 Arma
831 1128 955 1207 quidem
974 1132 1082 1192 ultra·

144 1212 255 1272 Litora
276 1212 424 1273 Iuvernae
445 1212 652 1292 promovimus
674 1217 707 1271 et
727 1212 818 1272 modo
840 1221 944 1294 captas
1125 1225 1179 1280 160

145 1295 281 1356 Orcadas
301 1318 336 1357 ac
354 1298 479 1356 minima
499 1300 662 1355 contentos
680 1302 772 1356 nocte
793 1298 972 1357 Britannos:

146 1378 209 1439 Sed
231 1399 308 1457 quae
326 1400 408 1440 nunc
429 1379 537 1461 populi
557 1380 637 1439 fiunt
655 1381 782 1441 victoris
804 1383 837 1441 in
858 1382 952 1459 urbe,

144 1463 213 1523 Non
234 1464 351 1525 faciunt
369 1464 434 1543 illi,
457 1484 533 1544 quos
552 1464 687 1525 vicimus.
730 1465 773 1523 llt
794 1472 897 1525 tamen
919 1483 996 1525 uuus

144 1548 310 1608 Armenius
331 1547 456 1609 Zalates
478 1549 596 1608 cunctis
616 1553 760 1607 narratur
781 1549 910 1628 ephebis

144 1630 272 1692 Mollior
293 1632 416 1693 ardenti
438 1651 508 1693 sese
529 1629 695 1692 indulsisse
718 1632 867 1693 Tribuno.
1123 1643 1174 1696 165

144 1716 275 1795 Aspice,
296 1716 371 1796 quid
392 1718 507 1778 faciant
527 1716 723 1775 commercia!
745 1722 873 1776 venerat
896 1718 1003 1792 obses3

144 1799 204 1859 Hic
226 1800 470 1861 fiunt-homines.
513 1800 589 1861 Nam
611 1801 637 1858 ri
658 1819 744 1859 mora
764 1799 888 1879 longior
908 1803 1017 1862 urbem

144 1881 276 1943 Indulsit
296 1887 420 1963 pueris,
441 1904 504 1943 non
525 1903 667 1961 umquam
690 1882 793 1945 deerit
815 1890 947 1960 amator3

143 1967 313 2026 Mittantur
334 1968 480 2045 braccae,
503 1964 639 2043 cultelli,
661 1966 959 2046 ireuasflagellum:

144 2049 196 2108 Sic
217 2055 427 2129 praetextatos
448 2052 592 2111 referunt
612 2051 759 2110 Artaxata
779 2071 891 2112 mores.
1127 2059 1180 2116 17⁰

542 2228 762 2239 -—-——-..-.

440 2383 757 2457 SA'l'lRA
808 2385 877 2459 ΠΙ.

144 2501 303 2626 Quamvis
325 2555 465 2634 digressu
486 2557 601 2614 veteris
624 2556 767 2616 confusus
789 2559 893 2636 amici,

143 2638 249 2698 Laudo
271 2646 391 2717 tamen,
412 2640 515 2698 vacuis
538 2638 620 2716 quod
641 2639 747 2699 sedem
767 2642 866 2719 figere
888 2643 991 2702 Cumis

143 2722 290 2782 Destinet
311 2730 403 2802 atque
424 2742 517 2782 unum
539 2724 635 2782 civem
658 2723 773 2799 donare
795 2724 942 2804 Sibyllae.

143 2807 235 2866 lanua
252 2807 393 2867 Baiarum
417 2812 520 2867 estet
542 2814 661 2884 gratum
682 2807 757 2868 litus
780 2811 899 2869 amoeni

144 2890 301 2951 Secessus.
345 2892 412 2970 Ego
434 2889 485 2951 vel
504 2891 691 2970 Prochytam
712 2912 869 2973 praepono
892 2893 1039 2956 Suburae.
1160 2906 1177 2957 5
1250 2920 1251 3009 p

142 2972 219 3033 Nam
241 2975 314 3053 quid
334 2983 397 3035 tam
417 2977 578 3053 miserum,
600 2982 662 3035 tam
684 2975 782 3037 solum
800 2976 946 3055 vidimus,
968 2986 1087 3038 utnon

141 3058 288 3119 Deterius
311 3059 420 3119 credas
441 3061 573 3119 horrere
594 3060 752 3138 incendia,
772 3059 876 3140 lapsus
1144 3064 1149 3073 '

143 3142 313 3204 Tectorum
334 3143 473 3203 assiduos
493 3163 527 3202 ac
548 3143 634 3204 mille
654 3143 793 3225 pericula
815 3163 924 3204 saevae

141 3227 237 3288 Urbis
259 3235 293 3289 ot
313 3229 452 3306 Augusto
473 3229 641 3287 recitantes
663 3247 768 3287 mense
787 3229 918 3307 poetas‘.l

142 3310 206 3370 Sed
229 3311 300 3373 dum
321 3318 387 3372 tota
406 3310 512 3371 domus
533 3310 609 3370 reda
631 3313 824 3391 componitur
845 3332 921 3390 una,
1143 3321 1176 3374 1⁰

142 3393 288 3458 Substitit
308 3395 348 3457 ad
369 3402 492 3455 veteres
517 3414 605 3454 arcus
627 3394 838 3473 madidamque
860 3398 1022 3477 Capenam.

140 3478 218 3558 llic,
237 3482 290 3542 ubi
310 3486 480 3541 nocturnae
502 3477 599 3538 Numa
619 3479 826 3539 constituebat
844 3482 975 3557 amicae,
1246 3526 1251 3852 p
