2530 3900
525 222 780 287 sarlati

132 392 282 471 Antiquia
300 408 363 451 una
383 390 547 452 comedunt
567 391 751 473 patrimonia
770 409 884 452 menta.

132 474 245 539 Nullus
266 476 329 534 iam
349 477 501 555 parasitus
523 478 593 537 erit.
625 474 689 536 Sed
711 476 780 555 quia
796 475 880 535 ferat
900 476 975 536 istu

132 559 292 620 Luxuriae
314 558 443 620 sordes?
465 567 578 638 quanta
597 566 646 619 est
665 559 751 638 gula,
775 576 853 638 qnae
874 559 935 619 sibi
954 565 1037 620 totos
1118 567 1170 623 llo

132 645 233 704 Ponit
255 660 358 723 aproa,
379 640 492 703 animal
511 650 642 725 propter
663 644 800 703 convivia
819 643 937 702 natum!

133 728 246 787 Poena
263 733 364 787 tamen
382 745 547 808 praeaena,
570 747 662 806 quum
681 734 717 787 tu
739 726 869 807 deponis
889 726 1018 787 amictus

138 808 295 889 'Purgidus
315 816 348 871 et
370 810 499 871 crudum
517 830 666 892 pavonem
686 811 720 869 in
740 809 851 870 balnea
871 818 986 891 portua.

138 895 221 954 Hinc
240 895 358 955 subitae
378 901 497 956 mortes
517 902 611 973 atque
630 897 778 955 intestata
800 900 963 968 senectua3

137 977 167 1038 lt
185 996 262 1051 nova
279 997 340 1039 nee
361 979 462 1039 tristis
482 997 541 1060 per
562 984 688 1039 cunctas
708 975 813 1038 fabula
834 996 964 1052 coeuaa;

135 1061 264 1122 Ducitur
283 1063 373 1122 iratis
388 1056 656 1146 (plaudendnmi)
676 1061 769 1123 funus
790 1062 905 1123 amicis.

132 1144 186 1205 Nil
206 1148 269 1206 erit
289 1145 437 1225 ulterius,
459 1146 543 1226 quod
563 1148 679 1207 nostris
701 1146 837 1206 moribus
859 1143 952 1205 addat
1035 1158 1038 1161 ’

131 1230 323 1305 Posteritaa3
343 1229 451 1291 eadem
473 1233 600 1312 cupient
619 1231 797 1309 facientque
819 1228 965 1291 minores.

132 1314 233 1375 Omne
253 1315 288 1373 in
305 1316 470 1395 praecipiti
490 1317 597 1377 vitium
616 1315 720 1375 stetit!
751 1315 851 1375 Utere
874 1311 970 1389 velis,

133 1398 235 1457 Totos
256 1397 358 1478 pande
379 1401 482 1477 sinuo,
505 1399 590 1460 dicas
611 1399 663 1459 hic
685 1399 827 1460 icraitan.
860 1396 951 1458 Unde

131 1481 293 1561 Ingenium
312 1503 369 1564 par
387 1484 559 1544 materiae?
577 1481 659 1543 unde
679 1480 894 1562 illapriorum

132 1563 300 1626 Scribeudi
321 1567 535 1647 quodcumque
556 1569 657 1627 auimo
676 1567 827 1645 flagrante
845 1562 962 1626 liberet

107 1647 339 1728 ·Simplieitaa,
361 1652 448 1711 cuius
467 1670 531 1712 non
553 1650 651 1712 audeo
673 1650 780 1711 dicere
802 1649 937 1710 numeni

134 1731 218 1808 Quid
237 1731 339 1792 refert
358 1731 450 1794 dictis
469 1736 609 1813 ignoscat
627 1734 767 1811 Mucius,
789 1752 828 1794 an
849 1732 934 1792 noni

134 1815 223 1876 Pone
243 1814 445 1893 Tigellinum
465 1817 558 1880 taeda
574 1818 692 1880 lucebit
710 1819 744 1877 in
763 1815 834 1893 illa,

136 1900 205 1975 Qua
226 1905 343 1959 stantes
356 1898 489 1979 ardent,
513 1922 571 1982 qua
590 1905 651 1965 tiro
672 1907 796 1982 gutture
816 1900 951 1978 fumant,

131 1983 175 2045 Et
195 1980 292 2043 latum
312 1983 413 2045 media
432 1985 551 2048 unicum
570 1986 698 2048 deducit
717 2004 820 2048 arena

132 2067 194 2143 Qui
217 2066 305 2127 dedit
326 2087 400 2148 ergo
419 2071 521 2132 tribua
541 2074 660 2152 patruis
675 2074 812 2149 aconita,
831 2072 960 2131 vehatur

131 2148 308 2211 Penailibus
329 2152 459 2233 plumis,
481 2161 575 2234 atque
596 2155 684 2216 illiuc
705 2155 858 2237 despiciet
877 2155 957 2215 noa?

133 2235 233 2311 Quum
251 2237 355 2296 veniet
376 2245 499 2317 contra,
521 2238 619 2319 digito
642 2259 803 2320 compesce
823 2238 987 2301 labellum:

132 2319 302 2380 Accusator
322 2322 400 2399 erit,
423 2324 475 2401 qui
495 2326 624 2383 verbnm
646 2322 774 2401 dixerit,
795 2324 847 2383 hic
869 2332 926 2384 est.

134 2401 267 2462 Securus
286 2401 362 2466 licet
382 2407 520 2467 Aeneam
540 2406 748 2488 Rutulumque
768 2407 906 2467 ferocem

133 2485 330 2562 Committaa3
350 2487 444 2549 nullia
465 2492 566 2568 gravia
586 2498 636 2552 est
656 2510 821 2574 percussus
841 2487 999 2569 Achilles,

132 2571 196 2631 Aut
215 2568 344 2631 multum
366 2575 522 2651 quaesitus
539 2574 638 2651 Hylas
658 2594 827 2656 urnamque
848 2581 981 2637 secutus.

130 2655 215 2715 Euae
232 2653 319 2717 velut
339 2657 450 2718 stricto
472 2661 595 2738 quoties
615 2659 754 2721 Lucilius
776 2659 889 2720 ardena
1111 2665 1163 2722 165

131 2738 310 2818 infremuit,
331 2741 424 2802 rubet
443 2742 582 2822 auditor,
604 2747 654 2804 cui
674 2743 789 2823 frigida
808 2762 895 2804 mens
910 2749 960 2805 eat

133 2822 337 2901 Criminibus,
355 2826 451 2886 tacita
471 2826 583 2888 audant
600 2827 785 2909 praecordia
805 2827 904 2908 culpa

132 2905 206 2966 lude
225 2907 293 2966 irae
314 2913 348 2967 et
367 2906 521 2973 lacrimae.
553 2911 672 2972 Tecum
692 2913 779 2994 prins
800 2929 875 2990 ergo
894 2909 999 2972 voluta

132 2989 233 3066 llaec3
253 2992 406 3053 animante
426 2995 501 3067 tuira
521 2993 679 3074 galeatum
695 3015 766 3057 aero
788 2993 886 3057 duelli

131 3074 284 3136 Poeuitet.
313 3076 482 3158 Experiar,
506 3079 580 3159 quid
601 3079 790 3141 concedatur
811 3081 845 3140 in
865 3077 957 3157 illos,
1109 3081 1163 3141 lit

132 3157 267 3234 Quorum
287 3157 438 3222 Flaminia
454 3165 572 3243 tegitur
595 3165 672 3224 ciuis
694 3171 785 3243 atque
805 3163 924 3225 Latina.

542 3339 750 3349 .-—-—-—...
