2530 3900
50 318 58 341 ο
109 290 114 297 «
175 228 216 294 12
472 227 509 288 l).
531 223 623 288 lUN.
643 223 907 286 lUVENALlS

174 393 227 457 Nil
245 396 303 455 tibi
323 413 358 455 ae
379 393 496 455 debere
515 396 619 472 putrt,
638 387 684 450 nil
706 391 848 451 conferet
868 409 1026 470 umquam,
1151 436 1156 439 v

173 479 362 560 Perticipem
384 477 435 556 qui
453 483 485 538 te
505 475 620 537 secreti
638 474 716 534 iecit
737 474 869 535 bonesti.
1087 544 1096 559 ο
1154 494 1167 525 0

176 564 273 624 Carus
295 564 357 622 erit
375 561 486 639 Verri,
508 560 561 637 qui
581 557 713 619 Verrem
734 564 892 638 tempore,
914 577 973 636 quo
993 556 1075 635 vult,

175 649 329 707 Accusare
350 650 463 727 potest.
507 642 602 703 Tanti
622 642 682 703 tibi
701 660 764 701 non
783 644 826 703 ait
846 644 936 722 opaci

176 730 283 790 Omnis
304 746 397 788 arena
418 726 497 805 'l'agi
518 724 660 804 quodque
679 727 713 786 in
732 744 817 786 mare
838 724 972 786 volvitur
992 744 1130 803 auram,
1169 734 1205 788 55

175 813 219 874 Ut
239 831 344 873 somno
366 829 472 871 careae
489 808 693 890 ponendaque
713 811 849 889 praemia
869 829 969 869 aomar

97 942 99 945 -
177 897 291 957 Tristia
313 901 346 954 et
365 913 383 953 a
402 912 511 972 magno
532 911 655 973 semper
675 894 814 953 timearis
835 895 940 953 amico.

217 980 302 1056 Quae
322 995 403 1038 nuuc
424 976 567 1038 divitibus
590 995 666 1056 geue
686 977 898 1057 acceptissima
917 978 1050 1054 nostris,

174 1065 217 1125 Et
238 1080 314 1141 quoa
334 1063 500 1142 praecipue
520 1061 652 1140 ingiam,
672 1061 846 1141 properabo
867 1061 977 1137 fateri,

175 1146 240 1207 Noc
259 1143 359 1225 pudor
380 1145 522 1206 obatabit.
562 1145 634 1207 Non
653 1162 777 1224 pomum
795 1143 900 1221 ferre,
921 1144 1076 1222 Quiriter',
1165 1152 1204 1207 60

176 1221 326 1290 Graecam
345 1229 470 1301 urbem3
491 1229 625 1305 qumnvio
647 1233 740 1306 quota
759 1227 862 1307 portio
883 1227 981 1288 iaecio
999 1227 1167 1288 demeret

175 1314 238 1374 iam
256 1311 378 1399 pridem
400 1312 496 1390 Syrus
516 1313 550 1372 in
570 1311 710 1371 Tiberim
731 1310 859 1370 defluxit
880 1310 1029 1389 Orontea,

176 1397 218 1457 Et
235 1395 368 1474 linguam
389 1401 421 1455 et
439 1413 542 1454 morer
562 1399 596 1454 et
616 1413 684 1455 cum
704 1394 833 1454 tibicine
854 1394 985 1455 chordae

177 1478 341 1557 Obliquas,
360 1495 501 1539 necnon
521 1476 648 1556 gentilia
667 1484 810 1558 tympana
830 1496 934 1538 aecum

177 1564 272 1625 verit
292 1569 327 1623 et
347 1560 386 1622 ad
407 1562 531 1623 circum
550 1564 649 1623 iuaoaa
665 1567 808 1641 prootaro
829 1559 957 1642 puellas.
1165 1571 1202 1624 65

176 1648 238 1725 lte,
260 1646 370 1723 quibua
390 1650 477 1724 grato
497 1651 546 1706 eat
565 1647 649 1727 picto
667 1644 742 1725 lupa
761 1646 891 1706 barbara
911 1646 1018 1706 mitra!
1254 1680 1255 1711 r

176 1731 320 1792 Rusticus
339 1727 395 1790 ille
416 1734 488 1789 tuno
510 1730 602 1791 sumit
621 1727 840 1810 trechedipnr,
860 1729 1006 1807 Quirine,
1252 1714 1255 1925 1

175 1815 217 1874 lit
239 1815 423 1875 ceromatico
441 1813 507 1874 fert
523 1815 674 1876 niceteria
693 1812 785 1877 eollo.

176 1899 236 1958 Hic
258 1894 320 1958 alta
339 1897 488 1977 Sicyone,
510 1905 558 1958 art
577 1900 637 1959 bic
649 1897 810 1977 Amydone
829 1895 956 1974 relicte,

176 1979 382 2057 HioAndro,
402 1978 459 2041 ille
481 1980 588 2059 Samo,
605 1982 658 2041 bic
677 1980 837 2043 Trallibus
857 1986 910 2041 aut
925 1977 1111 2059 Alabandis,
1168 1988 1203 2044 io

175 2061 329 2140 Esquilina
351 2062 527 2140 dictumque
547 2069 659 2145 petunt
678 2085 696 2125 a
716 2064 829 2125 vimine
849 2063 978 2143 collem,

176 2147 306 2209 Viscera
324 2165 499 2224 magnarum
520 2146 663 2209 domuum
684 2146 860 2225 dominique
879 2148 987 2212 futuri.

175 2230 333 2309 ingenium
352 2228 458 2307 velox,
480 2229 605 2292 audacia
624 2231 763 2312 perdita,
783 2249 884 2293 sermo

175 2315 340 2395 Promptno
362 2321 395 2374 et
413 2314 499 2376 leaeo
518 2318 698 2377 torrentior.
740 2313 824 2394 Ede,
846 2315 920 2394 quid
940 2313 1027 2377 illum

174 2400 252 2459 Esse
266 2399 379 2478 puteo‘.l
400 2417 491 2478 quem
504 2400 550 2459 vir
562 2400 734 2478 bominem,
754 2417 858 2460 aecum
879 2397 985 2460 attulit
1005 2396 1044 2459 ad
1065 2416 1139 2461 noo:
1167 2408 1203 2463 75

176 2483 415 2560 Grammaticus,
435 2483 561 2561 rhetor,
581 2490 773 2562 geometren,
792 2485 911 2564 pictor,
931 2482 1060 2564 aliptes,

175 2566 297 2644 Augur,
318 2567 557 2643 schoenobates,
578 2567 734 2646 medicus,
754 2586 874 2646 magur:
895 2568 996 2628 omnia
1014 2568 1108 2627 novit

176 2647 344 2710 Graeculus
366 2649 506 2709 couriona
526 2651 560 2709 in
578 2649 715 2730 coelum,
736 2653 880 2727 iuoaeria,
900 2651 968 2712 ibit.

174 2731 225 2793 Ad
343 2751 406 2812 am,
426 2751 489 2793 nou
502 2733 630 2795 Mauram
650 2741 719 2797 erat
735 2753 837 2814 neque
854 2734 992 2795 Sarmata
1009 2752 1069 2795 neo
1082 2733 1204 2812 Thrax,

174 2817 235 2893 Qui
369 2823 383 2879 t
401 2835 533 2897 pennae,
552 2816 661 2879 rnediio
682 2816 739 2880 aed
758 2825 848 2880 notua
867 2818 1010 2880 Athenio.
1165 2825 1206 2880 80

174 2900 293 2961 Horum
311 2920 369 2980 ego
390 2920 453 2961 non
472 2901 587 2980 fugiam
608 2901 792 2983 conchylia?
812 2920 862 2964 me
881 2904 969 2983 prior
989 2900 1046 2963 illc

174 2983 508 3064 Signabit,„fulturque
528 2992 599 3046 toro
619 2983 750 3048 meliore
770 2988 932 3047 recumbet

173 3067 329 3130 Advectos
348 3068 492 3146 Romam,
513 3089 573 3146 qno
593 3089 691 3150 prema
711 3077 745 3132 ot
765 3075 890 3141 cottona
908 3069 1024 3130 vento‘i

173 3153 279 3231 Usque
301 3150 378 3213 adeo
399 3149 479 3212 nibil
500 3159 566 3231 ert,
586 3154 669 3232 quod
686 3160 794 3214 nostra
812 3152 942 3214 infautia
963 3149 1086 3214 coelum

172 3237 285 3297 Haurit
304 3236 450 3296 Aventini
472 3236 565 3296 bacca
584 3239 701 3299 nutrita
721 3235 855 3299 Sabina?
1168 3244 1206 3299 8⁵

173 3320 272 3399 Quid,
294 3318 376 3399 quod
396 3317 541 3380 adulandi
561 3336 637 3398 gena
657 3320 897 3402 prudentiaoima
917 3316 1022 3381 laudat

174 3402 355 3465 Sermonem
375 3401 510 3480 indocti,
530 3403 640 3464 taciem
662 3403 810 3465 deformia
830 3404 936 3481 amici,

173 3486 215 3549 ut
235 3488 359 3569 longum
378 3484 503 3548 invalidi
525 3486 637 3551 collum
658 3488 828 3550 cervicibm
848 3493 960 3568 aequat
