2542 3900
500 210 695 273 SATIBA
720 209 759 274 X.

112 376 319 443 Tantundem
341 381 432 455 atque
452 375 503 440 illi
524 375 617 439 sellas
639 378 754 440 donare
775 377 914 457 curules,

108 461 200 524 illum
221 462 409 523 exercitibus
430 463 648 544 praeponere?
666 468 752 522 tutor
771 464 882 523 baberi

108 547 266 627 Principis
288 552 413 623 angusta
435 548 623 627 caprearum
641 548 675 607 in
695 565 773 627 rupe
793 545 932 608 sedentis

109 631 189 692 cam
211 646 307 708 grege
327 628 509 690 Chaldaeo?
528 631 574 691 vis
596 636 682 691 certe
700 629 779 710 pila,
801 632 961 709 cohortes,

108 714 263 792 Egregios
284 715 405 792 equites
426 720 460 773 et
481 722 581 775 castra
601 713 792 775 domestica?
813 714 919 795 quidni
1101 726 1136 780 95

107 799 198 858 Haec
220 796 344 877 cupias?
363 805 412 875 et,
434 800 487 877 qui
507 797 616 858 nolunt
636 797 781 859 occidere
803 818 998 879 quemqnam,

107 882 207 943 Posse
227 879 342 944 volunt.
387 880 451 942 Sed
473 901 550 961 qnae
571 880 731 963 praeclara
752 889 785 943 et
804 903 970 964 prospera,
991 890 1109 944 tantum

107 967 153 1027 Ut
172 967 263 1026 rebus
279 963 372 1026 laetis
393 986 450 1046 par
472 967 513 1027 sit
532 984 675 1049 mensura
695 964 867 1027 mulorum?

106 1050 223 1127 Huius,
246 1051 297 1127 qui
319 1051 469 1127 trahitur,
491 1056 682 1131 praetextum
704 1069 825 1112 annuere
845 1053 956 1132 mauis,
1113 1118 1116 1123 ,

106 1135 158 1194 An
177 1132 365 1194 Fidenarum
384 1134 612 1212 Gabiorumque
631 1153 701 1195 esse
721 1140 861 1215 potestas
1082 1145 1134 1198 loo

103 1219 148 1281 Et
169 1217 208 1279 de
228 1236 371 1278 mensura
391 1219 439 1278 ins
460 1217 583 1297 dicere,
604 1239 673 1279 vasa
694 1220 813 1281 minora

103 1303 265 1382 Frangere
286 1321 441 1382 pannosus
461 1304 563 1364 saeuis
584 1302 695 1364 aedilis
715 1301 866 1365 Ulubris?

102 1388 187 1466 Ergo
210 1385 285 1467 quid
306 1386 472 1465 optandum
493 1387 592 1465 foret,
612 1389 772 1465 ignorasse
791 1388 901 1448 fateris

11 1534 13 1561 ἱ
103 1471 266 1545 Seianum3
288 1489 358 1530 nam
380 1471 432 1550 qui
452 1472 564 1535 nimios
583 1472 709 1551 optabat
728 1473 865 1532 bonores

11 1564 12 1567 ’
101 1556 145 1619 nt
164 1556 275 1615 nimias
294 1557 444 1634 poscebat
464 1573 556 1635 opes,
576 1573 740 1616 numerosa
760 1557 889 1636 parabat

102 1637 253 1702 Excelsae
275 1639 371 1698 turris
391 1638 542 1717 tabulata,
563 1638 646 1699 unde
666 1638 759 1699 altior
781 1646 866 1701 esset

105 1724 203 1784 Casus
224 1729 257 1782 et
276 1720 426 1802 impulsae
448 1742 600 1804 praeceps
619 1725 750 1783 immane
771 1724 889 1783 ruinae.

105 1805 189 1884 Quid
209 1806 351 1882 Crassos,
374 1805 448 1886 quid
468 1806 633 1887 Pompeios
656 1807 791 1867 evertit?
812 1811 845 1866 et
865 1804 969 1884 illum,

103 1889 157 1952 Ad
177 1909 231 1950 sua
253 1891 306 1969 qui
326 1889 457 1952 domitos
476 1889 603 1952 deduxit
623 1892 718 1971 flagra
736 1891 895 1967 Quirites?

103 1975 245 2036 Summus
265 1993 376 2054 nempe
395 1974 482 2036 locus
501 1974 586 2036 nuilla
606 1995 668 2036 non
690 1981 757 2036 arte
779 1976 912 2056 petitus,

101 2059 279 2139 Magnaque
300 2060 475 2120 numinibus
495 2066 565 2121 uota
585 2058 728 2121 exauditu
746 2058 895 2139 malignis.

100 2142 155 2204 Ad
174 2161 321 2222 generum
343 2144 470 2205 Generis
492 2146 560 2206 siue
580 2143 676 2205 caede
697 2151 730 2204 ct
750 2142 878 2205 vulnere
895 2142 986 2222 pauci

101 2225 304 2287 Descendunt
324 2245 415 2307 reges
436 2234 470 2288 et
490 2230 573 2313 siceq
592 2234 693 2289 morte
714 2230 847 2306 manni.

146 2308 310 2390 Eloquium
331 2331 367 2372 ae
386 2312 498 2373 samam
516 2312 734 2372 Demosthenis
756 2315 808 2368 ant
827 2309 988 2371 ciceronis

100 2394 214 2475 Incipit
232 2402 339 2475 optare
362 2401 395 2457 et
413 2397 488 2457 totis
506 2395 739 2475 quinquatribus
760 2398 862 2473 optat,

102 2479 249 2558 Quisquis
270 2479 370 2540 adhuc
393 2499 453 2540 uno
474 2485 593 2561 partam
615 2477 692 2539 colit
711 2495 779 2538 asse
799 2476 987 2555 Mineruam,

12 2626 13 2641 ,
101 2565 202 2640 Quem
221 2565 362 2643 sequitur
383 2570 486 2625 custos
506 2570 653 2642 angustae
673 2560 803 2623 vernula
823 2579 940 2642 capsae.

12 2660 14 2731 ξ
98 2647 233 2727 Eloquia
254 2648 312 2708 sed
331 2655 464 2727 uterque
484 2650 568 2729 perit
589 2654 709 2722 orator3
729 2650 894 2726 utrumque

12 2744 13 2753 ¹
99 2732 219 2810 Largus
241 2737 274 2791 et
296 2731 451 2793 exundans
470 2732 535 2793 leto
556 2731 644 2792 dedit
664 2732 782 2810 ingenii
801 2732 880 2791 fons.

98 2815 228 2895 Ingenio
248 2835 353 2876 snmus
375 2822 424 2877 est
444 2823 477 2876 et
496 2817 598 2877 ceruix
619 2834 724 2889 caesa;
744 2832 803 2874 nec
824 2831 965 2892 umquam

100 2900 256 2979 Sanguine
278 2899 423 2962 causidici
444 2899 627 2961 miduerunt
645 2906 748 2960 rostra
767 2895 879 2977 pusilli.

33 2980 43 2999 ⁵
100 2984 129 3045 0
149 2983 338 3045 fortunatam
357 2991 460 3045 natam
480 3003 529 3044 me
551 2982 678 3044 consule
698 2980 838 3043 Romam!

98 3069 218 3129 Antoni
238 3065 357 3146 gladios
377 3070 479 3150 potnit
499 3074 716 3145 contemnere,
738 3066 829 3126 sisic

101 3153 212 3214 Omnia
233 3150 370 3213 dixisset.
413 3151 555 3215 Ridenda
574 3158 715 3232 poemata
734 3150 832 3227 malo,

100 3237 198 3313 Quam
216 3241 249 3295 te
271 3238 471 3317 conspicuae,
492 3238 593 3298 divina
612 3236 800 3317 Philippica,
820 3234 936 3310 famae,

99 3318 246 3383 Volveris
268 3339 286 3380 a
305 3321 405 3399 prima
427 3341 504 3401 qnae
525 3322 670 3403 proxima.
715 3320 829 3380 Saevus
851 3323 886 3378 et
905 3313 994 3377 illum
1016 3368 1019 3375 .

98 3403 210 3465 linitus
231 3404 363 3491 eripuit,
387 3423 477 3484 quem
498 3407 686 3466 mirabantur
706 3404 848 3464 Athenae

99 3489 291 3572 Torrentem
312 3494 346 3550 et
364 3487 451 3570 pleni
471 3489 682 3551 moderantem
701 3488 792 3559 irena
809 3484 974 3626 theatri&
