2530 3900
475 241 677 307 socrus
704 243 741 306 v.
1000 216 1006 230 '
1077 229 1129 312 si.

92 412 224 477 Frivola.
265 410 357 490 Quod
376 431 469 491 quum
487 413 533 473 its
553 413 609 490 sit,
630 419 665 472 tn
686 409 850 482 Gaetulm
871 412 1081 494 Ganymedem

92 498 242 579 Respice,
266 515 358 577 quum
377 496 474 556 sities.
515 496 623 557 Nescit
644 502 693 556 tot
712 493 848 556 millibus
869 505 990 578 emptus
1084 508 1123 563 60

91 583 286 663 Pauperibus
306 581 436 640 miscere
456 598 551 660 puers
573 578 630 640 sed
648 581 764 658 forma,
785 579 843 640 scd
861 587 945 641 aetas

92 666 196 745 iligna
213 661 388 745 supercilio.
431 663 560 740 Quando
583 662 675 724 adio
696 667 839 745 persenit
856 663 938 749 illei

94 748 225 828 Quando
245 754 368 808 vocatus
389 745 479 807 adest
498 746 615 807 calidae
636 746 820 828 gelidaeque
839 750 1001 809 ministeri

95 835 218 912 Quippe
237 831 413 911 indignatur
433 833 534 891 veteri
554 849 667 911 parere
689 832 813 910 clienti,
1031 840 1033 844 '

97 915 245 996 Quodque
266 913 383 995 aliquid
401 935 526 996 poscas,
549 920 582 974 ct
604 914 685 1003 quod
706 935 740 976 se
761 922 862 976 stante
882 918 1051 978 recumbas.
1083 927 1118 981 65

95 1001 225 1062 Maxima
246 1018 386 1080 quaeque
408 998 514 1059 domus
535 1000 633 1058 servis
651 1005 700 1060 cst
717 998 811 1080 plena
831 1002 980 1080 superbis.

10 1156 11 1161 γ
93 1084 176 1145 Ecce
195 1081 271 1144 alius
293 1090 406 1164 quanto
427 1084 569 1164 porrexit
588 1101 743 1144 murmure
764 1101 875 1163 panem

94 1168 153 1230 Vix
173 1168 321 1246 fractum,
343 1165 461 1228 solidae
480 1168 542 1226 iam
562 1166 683 1227 mucida
703 1167 803 1228 frusta
819 1168 954 1245 farinae,

92 1252 177 1328 Quae
198 1253 364 1332 genuinum
385 1251 519 1330 agitent,
537 1269 600 1310 non
622 1251 814 1312 admittentia
833 1252 982 1312 morsum!

92 1335 156 1396 Sed
174 1342 267 1396 tener
288 1342 321 1396 et
337 1337 445 1396 niveus
465 1333 614 1414 mollique
635 1334 758 1414 siligine
778 1336 879 1396 iactus
1083 1345 1119 1401 70

92 1419 238 1481 Servatur
260 1418 393 1481 domino.
436 1419 582 1479 Dextram
603 1421 750 1481 cohibere
771 1426 940 1495 memeut03

91 1502 181 1564 Salva
202 1506 244 1565 sit
265 1506 404 1584 artocopi
424 1504 617 1563 reverentia!
637 1505 720 1582 tinge
741 1511 844 1564 tamen
864 1510 897 1564 te

89 1585 315 1668 Improbulum,
337 1594 481 1668 superest
499 1586 579 1664 illic,
600 1589 653 1666 qni
673 1606 791 1667 ponere
813 1594 915 1668 cogat:

90 1671 148 1734 Vis
168 1676 204 1731 tu
226 1673 381 1732 consuetis
403 1670 499 1731 audax
520 1673 644 1731 conviva
666 1673 807 1732 canistris

89 1753 219 1834 impleri
238 1756 388 1835 panisque
407 1757 453 1815 tui
473 1756 596 1815 novisse
617 1754 776 1815 colorem?
1083 1763 1118 1820 ⁷5

58 1873 77 1900 ι
92 1836 223 1898 Scilicet
243 1838 304 1898 iuoc
323 1838 441 1916 iuerat,
461 1845 591 1920 propter
613 1838 695 1918 quod
716 1856 810 1919 saepe
830 1835 941 1897 relicta

93 1921 233 2000 coniuge
253 1939 313 2002 per
334 1927 468 1982 montem
486 1922 647 1984 adversum
668 1921 849 2002 gelidasque
871 1922 993 1983 cucurri

89 2004 263 2085 Esquilias,
283 2006 436 2067 fremeret
455 2026 545 2067 sacra
566 2008 658 2086 quum
679 2006 828 2087 grandine
849 2025 961 2067 vernus

89 2089 243 2170 luppiter,
265 2097 299 2152 et
320 2091 415 2151 multo
434 2091 569 2152 stillaret
588 2092 718 2172 paenula
737 2092 856 2151 nimbo!
909 2084 910 2089 ’
1188 2134 1193 2145 .

89 2174 221 2253 Aspice,
243 2194 331 2253 quam
349 2173 442 2253 longo
464 2174 622 2236 distendat
637 2182 766 2256 pectore
783 2175 871 2236 lance
909 2217 919 2251 ,
1081 2182 1118 2236 80

10 2292 11 2295 =
91 2257 178 2333 Quae
198 2259 300 2318 fertur
323 2257 446 2319 domino
468 2258 596 2339 squilla,
617 2267 650 2319 et
672 2261 781 2339 quibus
802 2195 938 2338 undffue
957 2264 1045 2338 septa

89 2342 272 2421 Asparagis,
294 2362 353 2421 qua
373 2341 524 2423 despiciat
544 2345 680 2403 convivia
700 2341 810 2419 cauda,

91 2425 193 2502 Quum
213 2427 298 2486 venit
316 2426 432 2487 excelsi
451 2429 590 2487 manibus
612 2424 730 2486 sublata
750 2425 900 2507 ministri„

10 2574 11 2593 ,
90 2507 156 2569 Sed
176 2511 235 2570 tibi
254 2509 380 2570 dimidio
401 2513 587 2572 constrictus
607 2529 774 2571 cammarus
796 2528 851 2570 ovo

10 2596 11 2667 i
88 2593 236 2672 Ponitur,
258 2596 367 2672 exigua
384 2594 492 2655 feralis
512 2613 608 2655 coena
626 2593 750 2676 patella.
1081 2600 1117 2655 85
1186 2603 1188 2607 ’

87 2676 160 2758 lpse
180 2677 357 2739 Venafrano
377 2680 494 2759 piscem
514 2678 692 2759 perfundit:
714 2685 745 2738 at
765 2680 832 2754 hic,
854 2679 907 2756 qui

24 2808 28 2819 .
87 2760 226 2822 Pallidus
246 2762 376 2822 affertur
397 2764 511 2823 misero
531 2765 590 2823 tibi
611 2761 720 2840 caulis,
743 2760 841 2823 olebit

88 2844 273 2920 Lauernam
293 2844 372 2905 illud
393 2848 481 2927 euim
495 2848 606 2906 vestris
628 2845 719 2906 datur
739 2843 881 2923 alveolis,
904 2843 986 2922 quod

89 2929 196 2991 Canna
216 2930 418 3009 Micipsarum
437 2949 531 3008 prora
551 2920 691 2991 subvenit
711 2936 815 3003 acuta3

87 3012 224 3093 Propter
246 3012 328 3092 quod
347 3015 463 3074 Romae
484 3033 552 3074 cum
571 3015 729 3075 Bocchare
749 3031 839 3073 nemo
860 3010 994 3091 lavatur,
1082 3019 1118 3075 90

89 3096 182 3174 Quod
201 3095 286 3158 tutos
309 3100 402 3158 ctiam
422 3098 498 3158 iacit
518 3118 537 3157 a
557 3098 753 3178 serpentibus
773 3099 857 3157 atris.

88 3179 211 3241 Mullus
232 3182 295 3241 erit
317 3180 457 3261 domino,
479 3200 569 3261 quem
590 3183 674 3242 misit
695 3182 837 3259 Corsica,
857 3178 908 3241 vel
931 3198 1022 3260 quem

88 3263 369 3326 Tauromenitanae
389 3285 500 3348 rupes,
524 3265 644 3345 quando
665 3285 754 3326 omne
775 3269 935 3344 peractum
957 3273 1005 3325 est

85 3347 129 3409 Et
149 3350 211 3409 iam
233 3347 352 3408 deiecit
371 3358 510 3411 nostrum
526 3368 628 3426 marc,
650 3348 721 3409 dum
741 3347 813 3428 guia
833 3350 947 3425 saevit,

85 3430 218 3493 Retibus
240 3430 371 3492 assiduis
392 3437 516 3513 penitus
536 3439 693 3494 scrutante
711 3430 841 3492 macello
952 3455 956 3463 ·
1082 3437 1117 3492 95

84 3514 249 3596 Proxima,
269 3534 330 3577 nec
349 3519 484 3599 patimur
505 3518 702 3596 Tyrrhenum
723 3531 867 3576 crescere
885 3514 1011 3591 piscem.

1232 3612 1255 3704 i
