2530 3900
193 213 235 277 34
489 213 526 274 l).
548 212 928 276 ludwiculus

194 383 257 443 lam
278 381 400 460 senior,
422 381 507 441 cuius
527 380 653 441 barbm
673 386 726 440 tuo
746 380 837 439 iuuur
857 379 943 443 vidit.
1176 390 1225 447 iit

196 464 348 526 'l’estandi
370 484 462 544 quum
481 466 523 524 sit
542 461 818 540 lenonibus‘atquo
838 463 959 527 lanistis

192 550 337 610 Libertas
358 556 392 609 et
411 550 488 609 iuris
508 546 592 607 idem
610 548 768 626 contingat
791 565 919 627 arcure,

191 633 261 693 Non
281 652 358 693 uuus
377 634 436 693 tibi
454 629 561 692 rivulis
582 629 747 691 dictabitur
766 632 869 693 ireres.

189 718 277 778 Pone
299 734 422 778 crucem
441 733 539 777 servo.
565 746 601 758 -
624 715 743 775 Meruit
762 732 823 794 quo
845 717 973 777 crimine
994 735 1100 778 servus

191 800 406 882 Supplicium?
428 801 496 879 quis
513 800 604 859 testis
623 797 738 858 adest?
759 801 828 878 quis
848 798 985 861 detulit‘i
1006 800 1094 879 audi,
1173 810 1222 864 220

22 930 34 945 t
154 950 157 959 κ
189 885 282 945 Nulla
306 903 447 963 umquam
474 883 515 943 de
534 889 635 943 morte
656 884 789 943 hominis
811 887 964 945 cunctatio
985 883 1077 963 longa
1100 892 1160 946 est.
1180 922 1222 933 -

190 970 218 1030 0
240 968 384 1046 demens,
406 970 450 1027 ito
466 986 574 1028 servus
596 969 689 1027 homo
707 966 780 1027 esti
800 966 846 1027 nil
866 968 998 1047 feeerit,
1018 975 1101 1030 esto:

188 1053 257 1113 Hoc
278 1051 364 1130 volo,
385 1053 430 1112 sic
450 1053 560 1129 iubeo,
583 1052 626 1112 sit
645 1070 703 1132 pro
724 1052 845 1111 ratione
867 1053 1015 1114 voluutas.

231 1137 365 1217 Imperat
385 1155 461 1215 ergo
480 1137 564 1211 viro3
585 1133 642 1195 sed
662 1155 732 1196 mor
751 1136 829 1195 hoec
850 1155 948 1216 regua
966 1135 1116 1217 relinquit

188 1220 412 1299 Permutatque
433 1218 540 1279 domos
561 1225 594 1278 et
614 1220 724 1279 iismea
744 1221 896 1294 conteritr
917 1219 992 1281 inde
1167 1230 1219 1284 iat

187 1304 299 1364 Avolat
320 1311 353 1364 et
376 1302 475 1383 spreti
495 1303 613 1383 repetit
631 1304 762 1381 vestigia
780 1302 867 1365 lecti.

188 1388 320 1448 Ornatas
341 1386 432 1468 paulo
453 1393 525 1447 rute
546 1387 648 1463 fores,
669 1384 838 1467 pendentia
858 1385 973 1469 linquit

186 1469 267 1534 Vela
289 1470 396 1532 domus
418 1478 451 1531 ct
472 1470 570 1531 adhuc
590 1469 707 1531 virides
726 1471 760 1531 in
779 1468 887 1531 limine
907 1488 1017 1532 remos.

187 1555 239 1616 Sic
261 1557 374 1616 crescit
393 1574 555 1630 numerum
577 1556 622 1615 sic
640 1556 720 1614 fiunt
741 1560 811 1615 octo
832 1555 934 1615 meriti
993 1572 997 1579 ’

187 1640 329 1717 Quinque
349 1656 407 1721 per
428 1645 603 1699 autumnos:
625 1636 717 1699 titulo
738 1657 791 1698 res
814 1637 905 1717 digno
925 1635 1071 1719 sepulcri.

228 1721 428 1805 Desperanda
448 1724 507 1784 tibi
527 1720 611 1782 salva
631 1721 797 1783 eoncordia
818 1741 918 1785 socru.

183 1805 241 1868 Illa
259 1807 354 1868 docet
372 1804 480 1888 spoliis
500 1805 576 1866 nudi
596 1806 731 1885 gaudere
752 1807 872 1880 mariti;

184 1889 241 1951 [ila
261 1891 369 1968 docet,
391 1892 491 1950 missis
513 1910 531 1949 a
553 1896 735 1970 corruptore
757 1888 898 1966 tabellis,

182 1973 236 2034 Nil
255 1972 334 2033 rude
353 1991 412 2033 nec
433 1971 564 2053 simplex
582 1975 777 2047 rescribere3
799 1973 916 2052 decipit
936 1970 992 2033 illa

184 2056 337 2118 Custodes
358 2061 411 2116 aut
433 2074 506 2117 uere
527 2054 645 2117 domat:
667 2063 741 2116 tunc
761 2074 893 2135 corpore
914 2076 989 2117 sano

184 2139 324 2201 Advocat
345 2140 546 2219 Archigenen
567 2148 760 2218 onerosaque
780 2139 873 2221 pollio
893 2141 997 2202 iactat.

183 2223 317 2284 Abditus
337 2226 460 2300 interea
480 2221 561 2284 latet
571 2231 615 2289 „et
634 2231 774 2286 secretus
795 2221 936 2301 adulter,

182 2309 409 2388 Impatiensque
429 2326 535 2369 morae
555 2316 647 2389 peret
665 2315 699 2369 et
716 2311 877 2390 praeputia
896 2308 1008 2370 ducit·

183 2390 311 2453 Scilicet
332 2399 512 2474 exspectas,
532 2401 568 2453 ut
587 2392 692 2454 tradet
712 2399 811 2455 muter
831 2394 980 2453 honestos

181 2478 287 2554 Atque
307 2475 383 2537 olins
401 2495 523 2553 mores,
542 2494 634 2555 quoru
656 2497 732 2557 quos
753 2476 869 2538 habeti
891 2476 968 2537 utile
989 2495 1084 2556 porro

181 2558 326 2620 Filiolam
347 2562 432 2640 turpi
451 2560 573 2621 vetulae
594 2561 768 2641 producere
789 2568 922 2640 turpem.

223 2642 316 2704 Nulla
333 2644 403 2704 iere
425 2662 515 2704 carra
536 2650 600 2722 est,
620 2645 655 2704 iu
676 2665 734 2724 qua
754 2664 817 2705 non
837 2645 953 2705 femina
971 2643 1059 2705 litem

181 2726 327 2790 liloverit.
363 2729 496 2788 Accusat
516 2725 662 2803 Mandis,
685 2729 711 2788 si
730 2747 784 2789 rea
802 2746 865 2788 nou
886 2736 943 2791 est.

182 2812 378 2892 Gompouunt
398 2814 484 2893 ipsae
504 2830 562 2893 per
581 2831 618 2873 se
638 2812 834 2891 formantque
853 2808 995 2890 libellos,

180 2895 371 2976 Principium
391 2904 484 2976 atque
504 2897 590 2958 locos
610 2894 705 2958 (lelso
725 2895 845 2957 dictare
865 2902 999 2976 pastae.

223 2978 428 3041 Endromidas
450 2980 562 3059 Tyriae
584 2986 617 3041 et
633 2980 801 3043 femineum
820 2996 942 3041 ceroma

181 3063 257 3139 Quis
277 3065 400 3124 nescit?
420 3062 470 3124 rel
490 3066 559 3143 quis
579 3084 642 3125 nou
662 3064 740 3126 vidit
760 3063 886 3125 vulnera
905 3061 992 3143 palii

179 3148 280 3223 Quem
301 3153 385 3207 cavat
407 3146 536 3207 assiduis
557 3149 683 3209 sudibus
701 3156 850 3227 scutoque
870 3145 1014 3225 lucessit,

179 3232 284 3311 Atque
307 3248 412 3291 omnes
431 3231 542 3311 implet
560 3251 720 3311 numeros,
740 3232 916 3310 dignissima
936 3250 1063 3312 prorsus

179 3313 300 3376 Florali
322 3317 566 3394 matronium,
585 3317 646 3376 nisi
669 3318 696 3377 si
717 3315 791 3396 quid
809 3316 843 3375 iu
863 3313 921 3376 illo
987 3311 991 3317 ’

179 3399 314 3460 Pectore
334 3396 405 3480 plus
427 3400 522 3479 agitat
541 3418 695 3480 veraeque
709 3405 841 3481 ‘paratur
863 3416 983 3460 arenae.

181 3483 279 3561 Quem
299 3489 459 3567 praestare
479 3488 583 3565 potest
605 3483 717 3546 mulier
738 3482 856 3564 galeata
875 3483 1042 3566 pudorem,
