2542 3900
462 235 664 300 SATIRA
688 238 766 303 viil

102 362 259 471 Nocturna
279 412 314 466 et
333 406 469 466 flammas
489 403 629 467 domibus
649 405 835 509 templisque
852 413 1001 490 parastis,

102 495 146 556 Ut
164 495 385 553 Braecatorum
404 490 496 569 pueri
517 489 733 569 Senonumque
753 493 906 571 minores,

101 578 196 654 Ausi,
218 572 303 655 quod
320 572 413 634 liceat
433 575 538 634 tunica
557 575 669 654 punire
687 573 827 638 molesta.
1080 587 1132 642 ιιι

102 660 169 722 Sed
189 657 297 737 vigilat
317 655 425 718 consul
444 656 618 735 vexillaque
637 665 740 719 vestra
760 668 895 722 coercet.

100 746 166 806 Hie
188 761 283 803 novus
302 742 452 821 Arpinas,
472 740 617 819 ignobilis
638 749 672 802 et
692 743 783 804 modo
803 743 919 807 mnae

102 824 303 906 Municipalis
324 843 437 903 eques,
458 823 609 903 galeatum
629 828 719 905 ponit
736 829 851 906 ubique

102 909 296 972 Praesidium
317 910 458 970 attonitis
479 910 566 969 etin
586 911 669 969 omni
689 917 782 989 gente
803 910 934 975 laborat.

106 995 240 1056 Tantum
259 994 355 1072 igitur
374 1012 478 1052 muros
496 994 579 1053 intra
598 1000 672 1072 toga
693 993 825 1056 contulit
844 996 891 1057 illi

102 1078 241 1139 Nominis
262 1097 297 1137 ae
318 1076 420 1154 tituli,
444 1083 590 1156 quantum
610 1097 672 1137 non
692 1077 851 1158 Leueade,
864 1086 1018 1160 ,quantum

105 1162 286 1224 Thessaliae
307 1161 421 1240 eampis
443 1160 588 1221 Octavius
609 1161 735 1222 abstulit
754 1161 816 1222 udo

104 1245 255 1307 caedibus
276 1244 407 1304 assiduis
427 1243 539 1322 gladio.
583 1243 647 1305 Sed
666 1246 763 1307 Roma
782 1254 960 1329 parentem,

101 1331 200 1392 Roma
219 1336 342 1411 patrem
363 1330 482 1407 patriae
503 1329 687 1390 ciceronem
706 1330 807 1392 libera
828 1330 915 1395 dixit.

100 1415 236 1495 Arpinas
258 1412 337 1473 alius
358 1411 541 1474 Volscorum
561 1414 594 1473 in
612 1421 717 1475 monte
738 1413 859 1477 solebat
1080 1427 1132 1481 iti

100 1499 238 1559 Poscere
259 1495 437 1575 mercedes,
459 1495 559 1556 alieno
579 1496 678 1556 lassus
699 1505 818 1572 aratro;

100 1583 256 1644 Nodosum
277 1588 350 1662 post
369 1580 448 1640 haee
467 1580 632 1659 frangebat
651 1583 770 1642 vertice
789 1583 899 1661 vitem,
951 1628 954 1635 .

103 1667 138 1727 Si
156 1667 261 1727 lentus
280 1667 370 1745 pigra
390 1665 524 1724 muniret
545 1671 645 1725 entra
666 1662 809 1726 dolabra:

101 1752 164 1811 ilie
184 1758 287 1810 tamen
307 1756 341 1810 et
360 1750 503 1810 Gbnbros
524 1755 559 1808 et
578 1768 693 1809 summa
712 1747 853 1829 pericula
872 1768 977 1812 rerum

101 1835 242 1914 Excipit,
265 1839 298 1893 et
317 1832 401 1893 solus
420 1832 630 1912 trepidantem
649 1835 787 1912 protegit
806 1834 930 1908 urbem3
1080 1844 1132 1897 250

103 1920 209 1997 Atque
229 1915 316 1995 ideo,
335 1923 496 1998 postquam
517 1915 557 1976 ad
576 1917 717 1978 Gimbros
737 1924 934 1998 stragemque
955 1917 1115 1999 volabant,

102 2002 164 2079 Qui
184 2020 346 2081 numquam
366 2003 535 2080 attigerant
556 2002 671 2062 maiora
693 2000 858 2079 esdavera,
879 2004 979 2083 corvi,

98 2085 222 2168 Nobilis
242 2093 369 2146 ornatur
389 2085 476 2146 lauro
499 2083 620 2165 collega
640 2084 785 2148 secunda

100 2154 249 2230 Plebeiae
268 2170 436 2230 Deciorum
457 2171 590 2248 animae,
611 2168 737 2250 plebeia
756 2171 884 2237 fuerunt

100 2254 246 2315 Nomina·
266 2273 325 2334 pro
346 2254 421 2314 totis
440 2251 617 2332 legionibus
634 2256 670 2315 bi
687 2263 792 2315 tamen
813 2265 847 2318 et
866 2275 924 2338 pro
1081 2261 1133 2316 265

102 2338 252 2398 Omnibus
274 2338 393 2398 auxiliis
416 2343 508 2417 atque
530 2340 613 2398 omni
633 2338 715 2417 pube
736 2338 846 2400 Latina

101 2422 267 2482 Sufficiunt
288 2421 337 2481 dis
355 2421 488 2482 interula
509 2421 692 2500 Terraeque
712 2423 853 2500 parenti;

98 2505 203 2568 Pluris
226 2507 308 2570 enim
328 2506 433 2584 Decii,
456 2525 546 2585 quam
567 2505 620 2584 qui
641 2511 803 2567 servantur
824 2509 861 2568 ab
882 2505 954 2567 illis.

97 2588 222 2651 Ancilla
243 2595 332 2650 uatus
353 2591 493 2650 trabeam
514 2596 546 2649 et
567 2588 708 2650 diadema
729 2590 851 2666 Quirini

8 2708 9 2733 i
72 2675 141 2738 ·Et
162 2675 263 2735 fasces
283 2675 414 2752 meruit,
435 2692 542 2753 regum
562 2673 689 2735 nidmus
708 2673 763 2735 ille
784 2677 943 2738 bonorum.
1080 2680 1132 2736 260

8 2742 9 2755 ¹
97 2758 230 2819 Prodita
248 2757 392 2819 laxabant
411 2764 571 2838 portarum
592 2758 725 2819 claustra
745 2763 886 2839 tyranms

97 2842 266 2905 Exsulibus
284 2844 410 2902 iuvenes
430 2843 528 2922 ipsius
549 2842 685 2904 consulis
706 2849 740 2902 et
760 2862 837 2922 ques

97 2926 249 3005 Magnum
269 2924 386 3005 aliquid
407 2925 499 2987 dubia
519 2946 577 3006 pro
598 2926 746 2987 libertate
768 2926 912 3006 deceret,

97 3009 190 3087 Quod
209 3011 376 3070 miraretur
396 3029 464 3070 cum
486 3009 610 3071 Coclite
631 3011 753 3071 Mucius
774 3018 808 3071 et
830 3029 908 3092 quae

96 3095 224 3175 imperii
245 3094 340 3172 fines,
364 3094 562 3173 Tiberinum,
583 3096 670 3172 virgo
691 3096 816 3156 natavit
1078 3100 1130 3155 265

97 3177 229 3239 Occulta
245 3177 284 3237 ad
304 3184 410 3257 patres
431 3177 538 3239 eduxit
560 3179 688 3239 crimina
705 3196 827 3259 servus,

94 3262 251 3324 Matronis
271 3258 443 3340 lugendum
462 3269 494 3324 at
513 3261 585 3324 fflos
606 3263 737 3324 verbero
756 3223 846 3325 iustis

94 3346 249 3407 Afficiunt
267 3347 379 3426 poenis
400 3354 434 3408 et
452 3348 558 3427 legum
578 3349 678 3428 prima
698 3350 826 3411 securis.

8 3492 9 3497 ,
137 3428 224 3490 Malo
244 3436 335 3511 pater
355 3432 414 3492 tibi
434 3433 475 3492 sit
492 3433 675 3508 Thersites,
696 3429 860 3490 dummodo
880 3430 978 3490 tusis

93 3513 251 3576 Aeacidae
272 3512 382 3590 similis
404 3513 615 3595 Vulcaniaque
636 3534 720 3575 arma
739 3531 896 3594 capessas,
1075 3517 1130 3572 uie
