2530 3900
452 218 652 283 sanine
681 220 730 283 ΙΙΙ,

76 393 180 472 Atque
202 389 307 453 obiter
325 387 412 467 legat
429 394 482 448 aut
502 389 620 450 scribet
638 387 690 449 rel
709 387 844 450 dormiet
863 390 962 464 intns3

75 476 215 556 Namque
236 473 314 533 facit
333 491 471 533 somnum
491 470 595 535 clsusa
613 470 727 534 lectica
745 474 891 534 fenestra.

75 561 160 621 Ante
181 565 287 618 tamen
306 557 423 617 veniet:
445 558 535 617 nobis
555 559 794 638 properantibus
813 558 915 616 obstet

76 643 169 705 Unda
186 643 290 722 prior,
310 659 417 720 magno
429 639 570 721 vpopulus
590 643 705 722 premit
727 643 846 721 agmine
867 639 1002 720 lumbos,

76 727 139 805 Qut
161 726 316 804 aequitum
335 725 413 785 ferit
433 725 484 784 hic
506 727 626 804 cubito,
647 726 724 786 ferit
745 743 850 786 assere
871 724 948 789 duro
1053 733 1104 789 tto

76 809 188 883 Alter3
210 816 240 868 st
258 809 309 868 hie
328 811 449 887 tignum
467 810 562 888 capiti
582 810 710 886 incutit,
732 809 788 872 ille
809 815 980 871 metretam.

76 894 207 972 Pinguia
224 912 312 953 crura
331 892 417 968 luto;
437 890 542 974 plants
562 912 632 953 mox
651 892 789 973 undique
809 912 917 973 magna

78 975 203 1055 (faleor,
224 978 305 1037 etin
326 976 424 1056 digito
445 974 549 1037 clarus
567 978 643 1037 mibl
663 976 770 1037 militis
793 979 912 1038 heeret.

117 1061 225 1121 Nonne
246 1059 351 1139 vides,
373 1068 486 1141 quanto
509 1060 687 1121 celebretur
708 1062 846 1141 sportula
866 1061 973 1121 inmo?

76 1146 207 1206 Centum
227 1146 389 1223 conrirse,
411 1146 554 1225 sequitur
574 1164 628 1204 sua
648 1163 801 1226 quemque
821 1143 932 1206 callus.
1051 1154 1104 1208 250

74 1230 210 1291 Corbulo
231 1230 282 1290 riu
302 1229 404 1290 ferret
424 1235 473 1289 tot
491 1249 562 1289 vasa
581 1230 737 1308 ingentia,
757 1235 806 1290 tot
826 1247 879 1291 res

71 1314 232 1395 Inpositas
255 1314 365 1394 capiti,
388 1333 463 1393 quas
483 1319 570 1374 recto
588 1314 707 1374 vertice
726 1319 832 1395 portat

72 1397 219 1459 Servulus
240 1395 351 1458 infelix
372 1405 405 1458 et
426 1417 517 1457 cursu
536 1395 667 1458 ventilat
686 1398 798 1476 ignem.

72 1480 262 1543 Scinduntur
283 1483 404 1543 tunicae
427 1488 529 1542 sartae
549 1481 659 1555 mod03
678 1479 772 1561 longa
793 1488 933 1542 coruscat

72 1565 201 1626 Sarraco
222 1566 368 1627 veniente
389 1567 489 1644 abies,
510 1572 603 1646 atque
624 1564 724 1626 altera
739 1565 845 1646 pinum
1050 1574 1103 1629 ιιι

70 1648 215 1710 Plaustra
235 1650 369 1724 vehunt3
388 1656 499 1715 nutant
520 1647 601 1710 altse
623 1648 800 1731 populoque
821 1649 984 1710 minentur.

69 1733 149 1793 Nam
169 1734 197 1793 si
217 1734 399 1813 procubuit,
421 1735 474 1812 qui
495 1753 565 1795 saxa
585 1734 741 1812 Ligustica
760 1739 866 1813 portet

70 1818 163 1894 Axis,
186 1823 220 1875 et
239 1833 379 1876 eversum
399 1815 480 1876 fudit
498 1836 591 1899 super
613 1818 731 1896 agmina
748 1823 899 1893 montem,

71 1899 159 1977 Quid*
177 1905 322 1980 superest
341 1899 379 1960 de
400 1902 604 1980 corporibus?
626 1902 694 1981 qula
715 1901 867 1978 membra,
891 1899 958 1981 quia
980 1918 1049 1960 ossa

8 1964 12 1995 '
69 1984 215 2044 Invenit?
238 1985 384 2044 obtritum
403 1982 486 2064 vulgi
506 1987 591 2066 perit
612 2004 702 2046 omne
720 1984 849 2046 cadaver
1048 1989 1101 2046 26⁰

70 2068 163 2128 More
186 2069 315 2130 animae.
349 2068 463 2130 Domus
484 2071 606 2131 interea
627 2088 736 2130 secura
755 2066 887 2150 patellas

69 2152 133 2212 lam
152 2150 235 2211 lavat
256 2158 289 2212 et
310 2153 405 2213 bucca
424 2152 560 2214 foculum
581 2156 695 2223 excitat
714 2160 747 2215 et
766 2152 855 2214 sonat
874 2154 975 2214 unctis

71 2233 250 2313 strigilibus
272 2242 305 2296 et
324 2235 420 2316 pleno
441 2238 597 2319 componit
615 2236 714 2299 linter
735 2243 832 2317 gutto.

69 2319 157 2379 Haec
176 2320 393 2400 inter'pueros
414 2323 498 2380 varie
518 2329 742 2403 properantur:
765 2318 870 2380 atille

69 2404 133 2463 lam
150 2401 241 2464 sedet
260 2406 293 2464 in
313 2405 383 2484 ripa
400 2409 577 2484 tetrumque
598 2407 736 2467 novicius
755 2407 866 2467 horret
1046 2411 1098 2466 26⁵

69 2486 254 2565 Portbmea,
276 2505 335 2547 nec
356 2496 461 2568 sperat
483 2491 607 2553 coenosi
628 2491 757 2569 gurgitis
782 2487 899 2566 alnum,

69 2569 200 2650 Infelix,
219 2589 278 2631 nec
299 2572 395 2631 babet
416 2590 507 2651 quem
527 2574 667 2653 porrigat
687 2593 742 2634 ore
762 2574 919 2634 trientem.

111 2656 246 2736 Respice
266 2675 347 2715 nune
369 2653 430 2717 alia
450 2676 485 2717 ac
506 2654 628 2718 diverse
647 2658 786 2739 pericula
805 2659 922 2718 noctis:

70 2738 163 2818 Quod
183 2740 315 2820 spatium
330 2742 422 2800 tectis
444 2738 640 2820 sublimibus,
661 2740 743 2802 unde
766 2745 928 2802 cerebrum

69 2824 169 2884 Testa
188 2823 281 2902 ferit,
303 2825 423 2903 quoties
441 2826 555 2887 rimosa
575 2832 608 2886 et
630 2832 717 2887 curta
732 2826 880 2886 fenestris
986 2844 990 2853 ·
1047 2831 1099 2886 27⁰

68 2907 152 2968 Vasa
173 2906 301 2982 cadunt3
324 2915 436 2987 quanto
458 2928 638 2989 percussum
657 2908 798 2991 pondere
818 2910 941 2989 signent

67 2992 112 3053 Et
130 2990 257 3052 laedant
277 2990 406 3054 silicem.
439 2991 544 3054 Possis
563 2997 689 3073 ignarus
707 2995 833 3075 haberi,

32 3077 35 3081 ’
67 3076 111 3136 Et
132 3077 226 3155 subiti
248 3094 334 3139 casus
354 3076 559 3158 improvidus,
578 3078 617 3138 ad
638 3097 765 3139 coenam
786 3079 814 3138 si

68 3160 236 3220 lntestatus
255 3180 316 3223 eas.
345 3160 438 3222 Adeo
459 3169 508 3222 tot
526 3163 608 3241 fata,
630 3169 706 3242 quot
726 3160 781 3223 illa

67 3243 167 3304 Nocte
189 3251 298 3326 patent
317 3244 445 3325 vigiles,
466 3254 499 3307 te
519 3252 757 3328 praetereunte,
777 3247 944 3310 fenestrae.
1045 3253 1096 3308 275

67 3328 152 3411 Ergo
174 3335 263 3410 optes
281 3333 444 3408 votumque
465 3330 549 3392 feras
569 3328 746 3392 miserabile
767 3337 886 3410 tecum,
984 3358 985 3361 ¹

66 3413 112 3473 Ut
133 3413 195 3473 sint
216 3418 380 3474 contentae
400 3412 519 3494 patulas
541 3414 714 3476 defundere
734 3415 849 3496 pelves.

108 3496 223 3558 Ebrius
244 3517 280 3558 ac
299 3494 459 3579 petulans,
481 3500 534 3577 qui
553 3498 669 3559 nullum
689 3498 773 3559 forte
795 3498 925 3577 cecidit,

110 3595 172 3639 mv.
188 3597 251 3641 sur.
906 3592 923 3642 2
