2542 3900
501 232 697 295 SATIRA
728 234 778 297 vl.

122 404 280 469 Verberat
301 408 393 481 atque
415 400 518 461 obiter
538 402 649 462 faciem
667 401 753 480 linit,
774 403 859 463 audit
879 406 989 468 amicas

122 488 302 550 Antiatum
320 486 422 567 pictae
440 486 535 545 vestis
556 484 732 546 considerat
751 505 873 562 aurum3

121 574 164 636 Et
184 571 319 634 caedens
339 568 425 647 longi
443 568 558 647 relegit
577 575 731 629 transacta
751 569 870 650 diurni,

121 658 166 717 m
187 654 306 733 caedit,
327 652 427 714 donee
446 651 537 713 lassis
558 651 757 713 caedentibus
789 653 855 714 En·

122 741 250 801 lntonet
270 737 474 815 horrendum,
494 738 554 796 iam
577 738 752 814 cognitione
773 745 907 818 peracta.
1098 749 1150 804 485

167 823 347 884 Profectum
366 821 457 881 domo
479 818 583 880 Sicula
602 840 665 880 non
686 821 791 881 mitior
811 821 897 898 aula3

125 907 201 967 Nam
221 908 248 967 si
266 906 427 967 constituit
446 903 602 984 solitoque
623 902 785 965 decentius
805 913 891 986 optat

126 992 237 1051 0rnari
257 997 291 1051 et
310 996 460 1070 properat
480 989 602 1069 iamque
623 996 819 1068 exspectatur
839 992 872 1050 in
892 993 993 1052 hortis

124 1076 188 1135 Aut
205 1072 285 1154 apud
302 1074 417 1134 Isiacae
437 1074 540 1154 potius
560 1074 694 1132 sacraria
712 1071 821 1150 lenae,

124 1159 289 1239 componit
307 1158 441 1235 crinem,
457 1155 607 1216 laceratis
627 1158 695 1237 ipsa
716 1155 853 1237 capillis,
1100 1167 1152 1221 49⁰

121 1241 210 1303 Nuda
229 1244 376 1302 humeros
396 1240 509 1300 Psecas
528 1239 638 1300 infelix
658 1240 811 1321 nudisque
832 1240 984 1305 mamillis.

121 1324 227 1386 Altior
245 1327 299 1385 hic
322 1342 416 1404 quare
438 1325 620 1384 cincinnus?
642 1325 764 1386 Taurea
777 1327 868 1407 punit

121 1410 278 1475 Continuo
299 1409 372 1468 flexi
391 1409 509 1468 crimen
529 1408 710 1488 facinusque
728 1409 844 1490 capilli.

121 1492 205 1570 Quid
226 1494 339 1554 Psecas
361 1492 506 1552 admisit?
527 1510 675 1570 quaenam
697 1499 746 1552 est
766 1496 818 1554 hic
837 1493 926 1573 culpa
943 1491 1082 1574 puellae,

121 1577 157 1638 Si
176 1579 236 1637 tihi
258 1575 417 1657 displicuit
436 1595 527 1636 nasus
548 1576 642 1636 tuus‘.l
663 1574 762 1637 altera
781 1577 901 1638 laevum
1101 1585 1153 1639 495

119 1659 272 1724 Extendit
290 1662 451 1741 pectitque
473 1679 574 1720 comas
595 1665 629 1719 et
648 1660 743 1721 volvit
762 1662 797 1721 in
818 1664 934 1724 orbem.

120 1746 181 1808 Est
200 1747 234 1804 in
255 1742 385 1804 consilio
406 1751 545 1804 matrona
566 1743 749 1822 admotaque
767 1744 846 1805 lanis

121 1830 262 1891 Emerita
283 1847 361 1908 quae
382 1839 483 1888 cessat
504 1846 576 1901 acu;
598 1829 752 1888 sententia
771 1829 871 1908 prima

121 1913 223 1973 Huius
244 1913 320 1991 erit,
340 1919 413 1993 post
433 1914 512 1971 hanc
535 1916 637 1972 aetate
658 1916 750 1989 atque
772 1918 838 1971 arte
859 1911 994 1972 minores

123 1996 319 2074 Censebam,
341 2003 494 2075 tamquam
512 1996 611 2056 famae
634 1995 800 2056 discrimen
819 2002 926 2075 agatur
1101 2001 1153 2055 500

119 2082 185 2141 Aut
206 2081 339 2141 animae:
360 2081 439 2140 tanti
461 2086 510 2140 est
530 2079 700 2159 quaerendi
719 2100 792 2141 cura
813 2080 950 2141 decoris!

121 2165 188 2225 Tot
207 2164 322 2244 premit
342 2163 518 2241 ordinibus,
540 2169 588 2224 tot
608 2163 707 2224 adhuc
728 2167 923 2245 compagibus
945 2162 1041 2224 altum

120 2247 276 2309 Aedificat
297 2254 397 2328 caput.
430 2246 668 2308 Andromachen
689 2268 706 2307 a
726 2249 831 2308 fronte
851 2247 988 2322 videbia;

6 2354 7 2363 ¹
66 2362 75 2376 κ
120 2331 200 2392 Post
217 2333 317 2392 minor
339 2338 402 2391 est:
425 2329 534 2391 credas
556 2330 655 2392 aliam.
684 2331 786 2408 Cedo,
808 2333 836 2391 si
856 2332 950 2390 breve
972 2331 1058 2411 parvi
1132 2354 1136 2361 ·

6 2408 8 2467 3
122 2415 242 2475 Sortito
262 2421 311 2476 est
327 2413 437 2476 lateris
459 2416 590 2496 spatium
606 2416 796 2493 breviorque
814 2412 937 2475 videtur
1102 2418 1167 2473 5051

7 2558 8 2573 2
120 2500 252 2577 Virgine
272 2500 441 2579 Pygmaea,
461 2497 557 2558 nullis
579 2497 681 2557 adiuta
703 2498 882 2577 cothurnis,

7 2622 9 2639 t
119 2583 164 2644 Et
182 2582 258 2643 levis
279 2590 386 2643 erecta
406 2584 564 2661 consurgit
585 2582 624 2642 ad
645 2580 749 2642 oscula
768 2582 886 2662 planta!

164 2665 258 2727 Nulla
276 2668 335 2728 viri
358 2687 431 2726 cura
451 2668 590 2744 interea,
611 2685 669 2726 nec
689 2670 805 2727 mentio
825 2668 883 2728 fiet

119 2751 320 2811 Damnorum:
340 2752 415 2812 vivit
433 2756 587 2831 tamquam
606 2752 706 2810 vicina
725 2752 850 2828 marito,

120 2835 192 2894 Hoc
211 2833 277 2894 solo
298 2836 443 2915 propior,
465 2834 548 2913 quod
569 2837 681 2895 amicos
700 2836 837 2912 coniugis
858 2832 925 2894 odit
1101 2842 1153 2895 510

88 2914 101 2930 ‘
120 2918 164 2979 m
185 2937 307 2997 servos,
329 2919 429 2997 gravis
451 2924 501 2977 est
518 2919 697 2980 rationibus.
730 2920 814 2980 Ecce
835 2917 969 2979 furentis

120 3000 272 3061 Bellonae
292 3004 461 3080 matrisque
481 3000 574 3061 deum
596 3003 708 3062 chorus
729 3003 826 3062 intrat
845 3009 879 3063 et
892 3003 1001 3082 ingens

122 3085 271 3164 Semivir,
293 3087 447 3146 obscoeno
468 3085 565 3145 facies
585 3084 758 3146 reverenda
778 3087 907 3164 minori,

120 3168 233 3230 Mollia
254 3171 308 3249 qui
327 3175 419 3250 rupta
439 3170 540 3230 secuit
560 3168 705 3247 genitalia
725 3176 807 3231 testa

120 3251 339 3333 Iampridem,
362 3255 412 3313 cui
432 3272 523 3314 rauca
544 3255 671 3330 cohors,
693 3255 743 3314 cui
761 3260 906 3336 tympana
926 3251 1040 3315 cedunt
1100 3255 1153 3309 515

120 3336 250 3398 Plebeia
270 3344 304 3398 et
324 3337 459 3416 Phrygia
480 3338 611 3398 vestitur
632 3338 728 3397 bucca
746 3339 833 3400 tiara.

122 3420 249 3481 Grande
271 3425 359 3481 sonat
378 3423 535 3501 metuique
556 3423 643 3482 iubet
664 3421 855 3501 Septembris
876 3429 910 3481 et
929 3418 1036 3479 Austri

121 3504 313 3585 Adventum,
334 3505 448 3564 nisiae
470 3512 591 3566 centum
612 3504 791 3565 lustraverit
812 3506 876 3564 ovis
