2542 3900
496 236 693 298 anulus
720 236 783 299 vu.
1109 235 1155 300 47
1257 188 1260 211 *

125 408 309 490 Componis,
329 400 410 464 {oua
430 400 583 483 Veneris,
605 402 769 483 Telesino,
790 405 917 479 marito3
1118 410 1153 466 25
1260 380 1261 395 ¹

122 496 186 555 Aut
207 490 320 553 olsude
342 494 376 548 et
394 489 515 568 positos
534 490 620 550 tinea
637 486 792 570 pertunde
812 486 947 549 libellos.

120 578 247 655 Frange
269 574 362 633 miser
383 570 514 633 oslsmos
534 571 721 654 vigilataque
740 570 861 654 proelia
882 571 971 652 dele,

123 662 186 738 Qui
206 659 284 718 facis
304 658 336 716 iu
354 675 449 736 parva
469 655 612 718 sublimis
632 658 766 717 cumina
787 654 886 734 nella,

122 745 169 805 Ut
191 741 299 819 dignus
318 740 423 800 ronias
443 739 572 801 hederis
592 747 627 800 et
646 742 778 819 imagine
799 758 910 803 msera.

126 827 206 907 Spes
228 822 312 884 nulla
328 823 476 898 ulterior-3
498 822 608 885 didicit
626 826 686 884 iam
704 824 790 884 dites
809 842 916 884 avarus

127 910 259 971 Tantum
279 907 440 986 admirari,
460 913 580 969 tautum
597 906 726 969 laudare
747 908 898 986 disertos,

125 995 170 1055 ut
188 994 277 1074 pueri
296 992 421 1052 iunonis
441 1009 535 1053 asem.
580 992 643 1053 Sed
662 989 772 1053 defluit
791 998 877 1052 aetas

124 1079 167 1140 lut
187 1074 289 1158 pelagi
308 1077 431 1156 patiens
453 1082 486 1136 et
506 1075 635 1137 tamdia
656 1083 749 1155 atque
767 1073 892 1155 ligonis.

126 1160 243 1223 Taedia
263 1166 337 1220 tuno
358 1160 492 1220 subeunt
511 1162 645 1238 ammos,
666 1165 741 1220 tune
763 1176 859 1239 seque
879 1177 1025 1240 suamque

125 1245 358 1325 Terpsichoren
378 1241 445 1304 odit
465 1242 597 1304 isonia
617 1251 652 1305 et
670 1242 753 1305 nuda
772 1249 925 1306 senectus.

164 1330 281 1408 Accipe
300 1346 383 1388 nuno
403 1332 505 1405 arteS,
527 1345 568 1388 ue
588 1328 664 1408 quid
682 1329 742 1389 tibi
762 1328 903 1388 ooui'erat
922 1329 999 1406 iste,
1019 1384 1023 1389 .

120 1414 222 1491 Quem
244 1408 340 1489 colis,
361 1417 396 1471 et
415 1410 575 1472 Musarum
594 1420 627 1474 et
646 1411 802 1491 Apollinis
824 1410 901 1473 aede
922 1410 1042 1473 relicta

120 1499 192 1578 lpse
212 1496 289 1556 iacit
309 1512 418 1555 versus
439 1501 532 1576 atque
553 1498 606 1556 aui
627 1495 713 1556 aedit
732 1496 870 1556 Homero

120 1574 257 1661 Propter
278 1577 366 1639 mille
385 1596 500 1653 anuos3
522 1586 568 1657 at,
589 1581 617 1640 si
638 1576 804 1639 dulcedine
824 1580 923 1640 ismae

108 1666 297 1725 ‘Succensus
314 1664 444 1741 recites,
467 1661 641 1724 Matalonis
662 1663 835 1724 oonsmodat
855 1663 964 1742 aedds,

122 1750 170 1809 Ao
189 1746 285 1826 longe
305 1747 424 1807 ferrata
443 1746 551 1808 domus
566 1749 685 1807 servire
705 1749 847 1824 iubetur,

122 1833 159 1893 iu
181 1851 240 1911 qua
260 1829 410 1891 sollicitas
432 1832 571 1891 imitatur
590 1833 681 1891 ianua
701 1839 816 1910 portas.

124 1916 192 1976 Scit
213 1915 287 1975 dare
307 1913 438 1975 libertos
460 1922 597 1976 extrema
616 1917 650 1975 iu
669 1920 760 1995 parte
781 1911 928 1975 sedentes

124 1998 252 2061 Ordinis
274 2003 307 2058 et
325 2016 449 2077 magnas
471 2001 616 2060 comitum
637 1998 805 2079 disponere
824 2014 926 2058 voees.

120 2085 220 2146 Nemo
241 2081 327 2142 dabit
346 2100 471 2162 regum,
494 2086 599 2163 quanti
620 2083 768 2145 subseliis
786 2087 945 2159 constent,

119 2171 163 2230 Et
185 2185 263 2247 quae
285 2166 437 2227 conducto
456 2167 597 2248 pendent
618 2169 786 2229 anabathra
803 2164 923 2245 tigillo,

120 2253 270 2331 Quaeque
290 2251 487 2330 reportandis
506 2253 608 2332 posita
629 2260 678 2312 eat
699 2253 860 2312 orchestra
881 2247 1046 2310 cathedris.

120 2337 186 2397 Nos
205 2342 309 2395 tamen
329 2336 389 2395 hoe
409 2336 525 2414 agimus
545 2337 694 2415 tenuique
713 2336 748 2394 in
769 2331 898 2413 pulvere
919 2330 1021 2392 sulcos

6 2460 9 2493 ι
120 2421 267 2500 Docimus
288 2424 320 2479 et
339 2417 413 2480 litus
433 2419 534 2480 sterili
553 2436 710 2479 versamus
730 2422 843 2476 aratro.

7 2510 9 2561 1
119 2505 199 2565 Nam
219 2505 246 2563 si
268 2502 423 2581 discedas,
443 2502 555 2582 laqueo
576 2508 665 2563 tenet
686 2501 840 2563 ambitiosi

121 2585 321 2649 Consuetudo
342 2587 431 2661 mali3
451 2580 729 2648 teuet‘iusauabile
749 2583 864 2645 multos

119 2666 270 2734 Sribendi
292 2672 456 2732 oaeoetbes
478 2679 511 2733 et
533 2690 625 2751 aegro
645 2673 680 2732 in
702 2668 797 2731 eorde
818 2667 961 2730 senescit.

121 2754 187 2816 Sed
207 2761 308 2816 vatem
327 2757 500 2835 egregium,
522 2759 571 2817 oui
593 2774 655 2816 non
676 2756 718 2815 sit
738 2750 862 2834 publica
879 2766 972 2830 vena,

121 2841 183 2916 Qui
203 2837 284 2899 nihil
303 2841 474 2919 expositum
497 2839 596 2901 soleat
616 2837 791 2916 deducere,
810 2854 869 2896 neo
890 2836 944 2913 qui

121 2925 283 2985 Communi
303 2924 397 2984 feriat
418 2941 542 2983 osrmen
561 2921 684 2984 triviale
704 2926 843 2998 moneta,

119 3009 228 3085 Hune,
250 3006 373 3089 qualem
391 3024 513 3088 nequeo
533 3014 706 3071 monstrare
727 3013 760 3067 et
778 3005 878 3065 sentio
898 3007 1031 3082 tantum,

119 3092 287 3153 Anxietate
308 3110 417 3152 earens
438 3093 555 3151 animus
575 3091 665 3169 iacit,
688 3091 786 3151 omnis
807 3088 913 3149 acerbi

119 3176 302 3256 impatiens,
325 3176 453 3256 cupidus
472 3175 615 3236 silvarum
636 3181 786 3255 aptusque
805 3171 948 3233 bibendis

9 3246 10 3274 ¹
119 3260 272 3321 Fontibus
292 3260 454 3321 Aonidum.
498 3260 607 3338 Neque
629 3259 711 3318 euim
733 3265 857 3318 oautsre
878 3256 934 3316 sub
957 3260 1045 3315 antro

119 3343 227 3405 Pierio
248 3345 428 3423 thyrsumre
448 3349 553 3424 potest
575 3345 756 3421 contingere
776 3346 894 3401 moesta
1114 3345 1150 3399 60

119 3427 292 3509 Paupertas
313 3433 406 3506 atque
427 3430 508 3488 aeris
528 3430 633 3507 inops,
655 3445 716 3506 quo
736 3432 829 3486 noete
851 3423 963 3501 dieque

121 3511 243 3595 verpus
265 3518 352 3592 eget:
373 3517 457 3572 satur
477 3517 543 3590 est,
565 3528 657 3591 quum
678 3508 754 3569 dicit
774 3508 937 3582 Horatius,
957 3504 1082 3565 Euhoe!

1258 3584 1267 3637 i
