2530 3900
431 238 632 301 SATIRA
663 240 714 303 vi

48 414 154 491 Atque
173 408 284 470 eadem
306 405 410 467 scrofa
426 405 527 466 Niobe
547 405 711 467 fecundior
732 406 809 469 alba

49 497 136 573 Quae
156 496 237 555 tanti
258 491 407 571 gravitas,
428 508 506 570 quae
527 490 641 569 forma,
662 498 698 551 ut
717 510 751 552 se
771 494 831 552 tihi
852 511 974 574 semper

47 579 207 659 lmpntet‘t
227 578 321 636 huius
341 576 422 635 enim
443 575 508 633 rari
529 576 698 652 summique
716 575 859 657 voluptas

47 662 144 723 Nulla
161 663 256 739 boni,
280 661 399 738 quoties
422 658 523 717 animo
545 665 690 737 corrupta
711 663 845 740 superbo
1030 672 1082 726 180

48 746 125 807 Plus
147 744 249 822 aloes,
269 763 356 822 qnam
375 741 478 802 mellis
496 743 600 803 hahet.
633 742 708 818 Quis
730 743 853 805 deditus
875 752 976 807 autem
1076 812 1081 818 ,

48 831 161 908 Usque
182 828 258 893 adeo
281 833 344 906 est,
365 831 483 886 utnon
502 824 605 903 illam,
629 846 718 905 quam
736 827 879 892 laudibus
901 832 1011 909 effert,

50 915 191 974 Horreat
210 915 303 993 inque
325 911 409 971 diem
428 912 567 990 septenis
588 909 693 970 oderit
712 913 821 972 horis?

96 996 249 1074 Quaedam
265 1016 359 1077 parra
380 994 521 1074 quidem,
540 992 677 1054 sednon
696 993 858 1056 toleranda
877 1001 1004 1061 meritis.

52 1081 129 1141 Nam
151 1080 224 1160 quid
244 1079 417 1157 remidius,
440 1098 530 1158 quam
551 1076 633 1155 qnod
651 1096 686 1138 se
703 1098 765 1138 non
785 1086 874 1160 putat
893 1081 958 1142 ulla
1031 1091 1080 1149 185

50 1165 243 1243 Formosam,
263 1167 328 1224 nisi
351 1181 429 1242 quae
451 1161 492 1222 de
511 1162 613 1222 'lusos
634 1161 788 1223 Graecula
808 1164 889 1224 facta
912 1175 977 1245 eat,

50 1250 97 1309 Ile
118 1247 315 1309 Sulmonensi
336 1266 420 1307 mera
441 1246 615 1327 Cecropis?
633 1248 734 1307 omnia
755 1249 891 1327 Graece,

45 1334 149 1409 Quum
169 1335 211 1394 sit
230 1340 323 1414 turpe
344 1334 440 1410 magis
458 1332 574 1391 nostris
593 1333 716 1392 nescire
736 1332 856 1395 Latine.

47 1418 117 1478 Hoc
139 1435 283 1478 sermone
304 1422 433 1496 pavent,
454 1415 514 1475 hoo
536 1415 632 1494 iram,
654 1416 780 1494 gaudia,
801 1437 906 1496 ouras,

48 1501 117 1562 Hoc
139 1508 250 1562 anneta
269 1499 434 1561 effundunt
454 1500 547 1560 animi
566 1505 703 1560 secreta:
726 1499 800 1578 quid
819 1500 925 1564 ultra?
1030 1511 1081 1565 19⁰

49 1586 264 1647 concumbunt
286 1586 416 1645 Graece.
448 1584 555 1643 Dones
574 1590 677 1643 tamen
696 1586 757 1644 ista
776 1585 906 1664 puellis:

48 1668 141 1729 Tune
163 1670 276 1746 etiam,
298 1688 387 1745 quam
407 1675 511 1728 sextus
533 1673 567 1727 et
587 1670 792 1746 octogesimus
812 1689 909 1729 annus

43 1753 172 1829 Pulsat,
194 1750 293 1812 adhuc
313 1753 456 1813 Graece?
478 1771 541 1811 non
563 1758 613 1812 est
631 1753 682 1811 hic
703 1771 804 1812 sermo
825 1752 954 1831 pudicus

42 1838 82 1898 In
104 1834 217 1897 vetula.
253 1836 382 1911 Quoties
402 1835 547 1896 lascivum
567 1837 737 1896 intervenit
755 1833 837 1894 illud

43 1911 128 1998 Ζωὴ
150 1915 206 1980 καὶ
226 1911 330 1999 ψυχήέ
349 1918 440 1979 modo
462 1922 517 1979 snb
537 1918 642 1979 lodice
660 1917 782 1980 relictis
1028 1927 1079 1984 195

42 2005 156 2066 Uteris
176 2005 210 2064 in
229 2005 338 2078 turba;
358 2002 440 2081 quod
458 2005 540 2063 enim
560 2022 623 2063 non
644 2005 759 2065 excitet
777 2006 891 2083 inguen

42 2089 117 2152 vox
137 2084 252 2148 blanda
272 2094 306 2148 et
325 2088 479 2169 nequam?
501 2085 615 2166 digitos
634 2090 747 2165 hahet;
767 2096 802 2149 ut
820 2095 923 2150 tamen
944 2106 1049 2149 omnes

42 2170 216 2233 Subsident
236 2190 375 2252 pennae,
394 2171 479 2232 dieas
500 2172 578 2232 haee
602 2171 725 2234 mollins
744 2174 862 2235 Haemo

44 2257 239 2334 Quamquam
261 2262 295 2315 et
315 2257 534 2336 Carpophoro,
555 2256 652 2317 facies
672 2264 727 2318 tua
746 2263 902 2336 computat
922 2277 1027 2320 annos.

91 2339 128 2398 Si
148 2340 207 2399 tibi
225 2339 373 2417 legitimis
393 2346 514 2419 pactam
534 2341 731 2419 iunctamque
750 2339 876 2400 tabellis
1026 2350 1079 2402 20⁰

4 2456 5 2487 2
41 2423 118 2485 Non
139 2441 174 2482 es
196 2430 366 2501 amaturus,
386 2422 520 2483 ducendi
540 2422 627 2483 nulla
646 2422 769 2484 videtur

4 2500 5 2511 ¹
43 2509 165 2581 (ἵπποις
185 2525 243 2566 nec
266 2513 330 2586 est,
352 2525 449 2586 quare
470 2525 597 2567 coenam
619 2514 652 2568 et
671 2513 824 2569 mustacea
843 2504 973 2589 perdas,

41 2591 187 2652 Lubente
209 2591 312 2652 officio
334 2590 438 2651 erudis
460 2589 618 2667 donanda3
640 2610 699 2652 neo
718 2590 814 2671 illud,

44 2668 138 2752 Quod
159 2676 259 2756 prima
276 2695 336 2755 pro
356 2681 449 2734 noete
470 2674 577 2753 datur,
600 2695 692 2755 quum
710 2677 799 2737 lance
820 2680 911 2738 hesta

42 2759 178 2819 liaeieus
199 2765 233 2819 et
253 2761 369 2838 scripto
392 2758 492 2818 radiat
512 2760 713 2820 Germanicus
734 2780 817 2822 auro.
1025 2768 1076 2821 205
1102 2771 1106 2781 '

43 2841 78 2903 Si
101 2843 162 2901 tihi
182 2839 363 2923 simplicitas
382 2844 504 2921 uxoria,
526 2843 649 2904 deditus
668 2846 722 2904 uni

40 2926 105 2987 nst
126 2927 259 3004 animm,
280 2927 435 2986 summitte
457 2934 553 3007 eaput·
568 2930 687 2989 cervice
708 2933 816 3009 parata

40 3009 150 3071 Ferre
167 3011 288 3088 iugum3
309 3010 424 3072 nullam
444 3012 600 3090 invenies,
622 3031 699 3092 qnae
719 3017 828 3093 parcat
847 3016 968 3075 amanti.

39 3090 168 3154 Ardent
188 3095 255 3173 ipsa
274 3092 367 3173 lieet,
386 3096 550 3155 tormentis
570 3096 682 3175 gaudet
703 3097 831 3157 amantis

38 3177 86 3239 Et
107 3175 224 3257 spoliis.
254 3177 351 3256 Igitur
370 3178 464 3259 longe
483 3180 583 3240 minus
603 3179 690 3242 utilis
710 3179 760 3241 ill-i
1024 3190 1076 3245 21⁰

38 3263 149 3338 Uxor,
171 3263 310 3339 quisquis
329 3264 393 3323 erit
412 3266 511 3325 honus
534 3264 745 3345 optandusque
766 3266 903 3328 maritus.

38 3343 98 3406 Nil
120 3363 263 3423 umquam
283 3346 378 3405 invita
399 3347 528 3413 donabis
544 3351 692 3427 coniuge,
712 3349 827 3409 vendes

40 3431 113 3490 Hae
135 3430 279 3505 obstante
298 3428 393 3509 nihil,
414 3431 510 3510 nihil,
531 3433 608 3491 haee
629 3435 656 3492 si
675 3431 771 3511 nolit,
793 3442 929 3508 emetnr;
1044 3494 1049 3506 ,

39 3513 132 3575 Haeo
154 3511 241 3572 dahit
263 3514 407 3592 affectus,
428 3516 484 3577 ille
506 3515 687 3576 excludetur
706 3519 820 3577 amicus

83 3613 149 3656 rnv.
166 3612 232 3659 sar.
854 3607 872 3659 3
