2542 3900
128 212 172 280 ΘΙ)
424 215 462 277 l).
483 213 574 276 [ΠΝ.
595 210 861 275 IUVENALIS

437 480 465 555 S
488 481 521 553 A
544 479 578 553 Τ
605 478 626 551 Ι
650 478 687 552 R
707 477 741 551 A
769 477 855 554 xil.

130 583 263 717 Natali,
283 637 435 714 corvine,
458 635 509 696 die
530 637 606 696 mihi
627 634 748 696 dulcior
769 638 847 697 haec
867 634 936 715 lux,

132 716 199 800 Qus
218 723 318 783 festus
339 722 489 802 promissa
509 718 576 781 deis
598 719 740 781 enimelis
759 737 869 801 cespes

131 808 308 889 Exspectat.
350 806 476 866 Nireum
496 807 622 885 reginae
644 805 781 865 ducimus
802 820 924 883 agnam,

131 891 193 952 Par
214 890 310 952 vellus
332 888 456 949 dabitur
475 891 624 970 pugnanti
644 890 791 968 Gorgone
810 889 936 962 Meum

132 974 197 1059 Se'd
216 973 326 1056 procul
344 981 503 1034 extensum
519 973 662 1056 petulans
683 974 782 1052 quatit
800 974 903 1033 hostia
922 972 1044 1049 funem,
1142 980 1159 1031 5

133 1060 269 1140 Tarpeio
292 1065 411 1119 servata
431 1059 509 1137 lovi,
530 1059 728 1137 frontemque
750 1063 906 1134 coruscat,

132 1145 253 1223 Quippe
274 1143 363 1204 feror
382 1141 510 1221 vitulus,
531 1142 656 1223 templis
676 1150 811 1202 maturus
831 1148 865 1201 et
885 1158 955 1200 arse

132 1227 390 1308 spargendusque
410 1228 513 1305 mero,
536 1246 628 1305 quem
649 1229 709 1286 iam
728 1224 826 1308 pudet
844 1227 942 1285 ubera
958 1225 1065 1284 matris

130 1312 270 1391 Ducere,
293 1313 345 1391 qni
364 1318 454 1371 verat
472 1312 613 1370 nascenti
634 1312 747 1370 robora
767 1329 873 1373 cornu.

131 1396 167 1456 Si
184 1414 236 1456 res
258 1414 305 1456 am
327 1393 358 1454 la
379 1393 461 1455 domi
482 1393 653 1474 similisque
674 1394 836 1454 affectibus
856 1398 958 1473 esset,
1124 1399 1158 1452 1)

129 1479 279 1558 Pinguicr
331 1477 442 1559 inpulla
461 1479 641 1539 traheretur
659 1484 766 1538 murus
787 1482 821 1537 et
840 1479 904 1557 ipsa
1224 1474 1228 1483 '

130 1560 217 1625 niele
237 1566 327 1645 piger
347 1581 406 1623 nec
426 1564 556 1623 iinitima
575 1564 711 1622 nutritus
731 1562 764 1621 in
783 1562 897 1640 herba,

130 1648 227 1708 Lecta
247 1647 304 1709 sed
325 1646 493 1708 ostendens
514 1646 663 1709 clitumni
683 1665 795 1728 pascua
813 1647 936 1725 sangnis

129 1732 196 1793 Iret
216 1739 250 1793 et
269 1754 287 1792 a
307 1730 417 1811 grandi
436 1733 540 1792 cervix
559 1730 702 1792 ferienda
722 1732 862 1790 ministro

132 1817 179 1878 0b
201 1816 336 1878 reditum
355 1816 542 1895 trepidantis
563 1815 661 1876 adhuc
683 1813 900 1894 horrendeque
921 1814 1004 1896 passi
1126 1822 1158 1875 15

129 1901 238 1981 Nuper
259 1908 293 1962 et
312 1899 499 1961 incolumem
520 1918 590 1960 sese
614 1900 753 1959 mirantis
775 1900 879 1977 amiel,

130 1985 208 2045 Nam
229 1991 356 2065 praeter
376 1983 478 2064 pelagi
499 2002 586 2044 casus
607 1988 640 2042 et
661 1981 793 2060 fulguris
815 1984 910 2042 ictum

129 2069 230 2130 Evasi.
274 2070 396 2128 Densus
417 2065 538 2127 coelum
557 2065 748 2126 abscondere
770 2067 919 2126 tenebrae

131 2153 221 2212 Nube
241 2171 302 2211 una
320 2152 502 2228 subitusque
523 2155 681 2210 antemnas
699 2150 820 2231 impulit
840 2150 937 2229 ignis,

131 2236 231 2312 Quum
249 2253 284 2295 se
306 2236 435 2314 quisque
455 2233 511 2294 illo
531 2250 711 2316 percussum
731 2232 877 2294 crederet
896 2242 930 2295 et
949 2252 1019 2296 mox
1122 2241 1160 2296 ht)

129 2320 290 2381 Attonitus
311 2318 429 2381 nullum
449 2319 587 2379 conferri
604 2336 696 2399 posse
716 2324 841 2398 putaret

130 2402 329 2484 Naufragium
346 2403 423 2465 velis
445 2403 633 2464 ardentibus.
678 2403 787 2463 Omnis
807 2404 886 2463 flunt

131 2487 237 2566 Talia,
256 2496 319 2549 tam
339 2490 490 2567 graviter,
512 2490 539 2547 si
562 2485 692 2566 qnando
704 2489 827 2567 poetica
846 2488 944 2567 surgit

131 2572 323 2652 Tempestas.
367 2573 473 2632 Genus
494 2589 567 2632 ecce
587 2570 669 2630 aliud
690 2570 891 2646 discriminis3
912 2569 983 2631 sudi

128 2656 171 2717 Et
192 2657 342 2716 mirerere
361 2657 491 2733 iterum,
514 2672 693 2733 quamquam
712 2657 775 2715 sint
796 2662 901 2716 cetera
922 2656 1015 2726 sortis
1124 2664 1158 2718 Ab

129 2738 291 2802 Eiusdem:
311 2758 384 2821 pars
406 2738 473 2799 dira
500 2738 641 2818 quidem,
663 2738 720 2799 sed
741 2742 862 2818 cognita
883 2737 989 2801 multis

129 2821 172 2886 ut
192 2842 281 2903 quam
299 2825 399 2884 votiva
421 2828 576 2884 testantur
596 2823 668 2883 fana
686 2822 803 2884 tabells

128 2907 274 2971 Plurima.
315 2908 457 2969 Pictores
479 2910 546 2988 quis
567 2909 668 2969 nescit
688 2910 725 2968 ab
746 2908 828 2969 Iside
849 2908 955 2989 pasci?

128 2993 253 3052 Accidit
273 2999 305 3053 et
324 3000 432 3053 nostro
455 2992 562 3053 similis
581 2992 706 3053 fortuna
727 2992 858 3055 Catullo.

129 3077 229 3153 Quum
249 3077 359 3157 plenus
379 3078 475 3138 ductu
494 3076 615 3138 medius
634 3077 720 3137 foret
739 3076 843 3138 alveus
864 3082 912 3155 et,
931 3078 991 3137 iam
1121 3084 1159 3141 30

128 3160 292 3222 Alternum
312 3162 424 3242 puppis
443 3161 524 3222 latus
545 3163 757 3222 evertentibus
779 3160 869 3222 undis

127 3246 258 3306 Arboris
279 3247 435 3322 incertae,
456 3243 571 3305 unllam
590 3244 755 3326 prudentia
776 3247 844 3306 cani

127 3329 271 3389 Rectcris
292 3328 452 3390 conferret
472 3348 578 3408 opem,
600 3327 747 3389 decidere
767 3330 850 3390 iactu

128 3411 242 3491 Coepit
262 3432 330 3473 eum
350 3414 466 3492 ventis,
488 3415 623 3473 imitatus
646 3420 781 3491 castora,
803 3417 856 3492 qui
877 3432 911 3473 se

129 3494 309 3557 Eunuchum
329 3498 397 3578 ipse
419 3497 512 3577 facit,
533 3498 660 3576 cupiens
681 3496 813 3560 evadere
834 3497 943 3559 dunno
1118 3504 1155 3559 35
