2542 3900
132 221 174 286 58
450 223 486 286 D.
508 223 599 285 wN.
621 223 887 285 lUVllilVALlS

131 393 232 472 Finge
252 400 357 453 nmen
376 370 495 470 glddios
512 390 587 451 iude
609 397 703 470 atque
723 393 796 451 bine
816 390 939 471 pulpita
955 407 1053 472 pone:
1108 398 1161 453 195

133 478 216 553 Quid
236 476 352 538 satiust
373 482 505 536 mortem
526 477 570 535 sic
594 477 753 554 quisquam
774 476 949 552 exhorruit,
971 481 1006 535 ut
1026 476 1069 535 sit

132 560 302 641 Zelotypus
324 558 511 638 Thymeles,
533 558 650 639 stupidi
671 557 793 638 collega
813 559 981 620 Corinthii

131 644 194 705 Res
214 646 296 706 haud
314 646 390 705 mira
409 652 529 721 tamen,
552 642 730 703 citharoedo
752 645 909 723 principe,
929 645 1037 703 mimus

131 726 262 790 Nobilis.
305 729 390 789 llaec
412 725 512 806 ultra,
535 726 609 807 quid
630 729 692 787 erit
712 729 772 787 nisi
791 726 904 788 ludus?
925 734 959 787 ct
976 725 1044 787 illic

130 812 274 873 Dedecus
295 813 380 872 urbis
401 813 514 890 habes,
534 830 592 871 uec
610 811 803 872 mirmillonis
825 813 856 872 iu
877 812 985 889 armis,
1108 820 1163 874 200

131 897 197 959 Nee
219 896 330 977 clypeo
351 896 524 957 Gracchum
545 902 731 975 pugnantem
754 901 805 955 aut
825 894 905 956 falce
926 896 1050 975 supina,

130 981 261 1041 Damnat
282 981 364 1039 enim
382 977 462 1041 tales
482 982 624 1056 habitus,
646 986 679 1040 et
700 980 824 1040 damnat
844 987 878 1040 et
899 979 980 1058 odit,

130 1065 197 1125 Nec
218 1063 308 1143 galea
328 1063 465 1124 frontem
483 1063 659 1124 abscondit:
680 1070 782 1125 movet
803 1082 876 1123 ecce
896 1063 1083 1143 tridentem,

131 1148 299 1227 Postquam
317 1150 436 1208 vibrata
456 1147 626 1228 pendentia
647 1150 727 1209 retia
748 1147 858 1208 dextra
956 1194 957 1205 ,

130 1231 345 1311 Nequidquam
367 1231 496 1310 effudit,
517 1233 630 1291 undum
652 1233 692 1293 ad
713 1232 887 1312 spectacula
905 1230 1020 1291 vultum
1107 1239 1160 1292 205

129 1316 232 1394 Erigit
254 1323 287 1377 et
307 1323 374 1376 tota
393 1315 473 1394 fugit
495 1315 706 1394 agnoscendus
728 1335 830 1376 arena.

131 1399 301 1460 Credamus
321 1400 461 1479 tunicae,
483 1399 523 1460 de
545 1400 683 1460 faucibus
707 1419 800 1460 aurea
822 1419 913 1479 quum
934 1417 969 1459 se

128 1483 274 1562 Porrigat
295 1490 328 1544 et
346 1482 439 1562 longo
459 1485 592 1545 iactetur
614 1486 697 1564 spira
713 1481 827 1563 galero.
944 1465 949 1513 ⁸

128 1567 213 1646 Ergo
233 1569 430 1647 ignominiam
450 1570 622 1646 graviorem
640 1567 772 1649 pertulit
793 1569 875 1628 omui

129 1652 268 1714 Vulnere
291 1671 359 1712 cnm
381 1652 522 1713 Graccho
543 1654 643 1713 iussus
663 1671 801 1733 pugnare
821 1657 955 1712 secutor.
1108 1659 1161 1712 nlo

169 1730 284 1796 Libera
301 1738 329 1796 si
350 1735 464 1797 dentur
483 1735 598 1817 populo
620 1738 781 1816 suffragia,
804 1738 871 1815 quis
890 1742 955 1795 tam

128 1819 291 1900 Perditus,
313 1828 349 1881 ut
369 1821 492 1882 dubitet
513 1822 663 1882 Senecam
681 1821 844 1902 praeferre
865 1819 1007 1880 Neroni‘i

129 1904 223 1965 (luins
245 1902 395 1984 supplicio
416 1925 479 1965 uon
500 1905 608 1966 debuit
627 1926 688 1966 uua
707 1907 809 1986 parari

128 1988 224 2048 Simia
243 2006 302 2046 uec
323 2006 453 2067 serpeus
475 2008 552 2049 unns
574 2008 632 2049 nec
653 1988 758 2051 culeus
777 2007 865 2047 uuus.
894 2010 896 2014 ³
996 2011 1002 2049 ;

127 2071 189 2131 Par
210 2071 490 2148 Agamemnonidae
510 2074 644 2151 crimen,
665 2071 722 2132 sed
741 2091 830 2131 cansa
850 2071 925 2131 facit
945 2091 1013 2133 rem
1105 2078 1158 2130 215
1260 2064 1261 2073 ’

116 2153 331 2245 Dissimilem:
354 2156 468 2235 quippe
488 2153 546 2215 ille
567 2156 634 2216 deis
654 2156 828 2217 auctoribus
848 2153 932 2216 ultor

31 2296 35 2301 ,
126 2238 229 2299 Patris
249 2245 317 2299 erat
336 2241 417 2299 caesi
436 2239 538 2300 media
556 2241 639 2300 iuter
660 2237 787 2321 pocula3
808 2238 865 2299 sed
885 2258 944 2300 nec

126 2320 273 2384 Electrae
294 2323 397 2403 iugulo
420 2342 455 2384 se
472 2323 586 2405 polluit
606 2331 658 2385 ant
679 2324 823 2404 Spartani

127 2406 283 2486 Sanguine
305 2410 455 2487 coniugii,
476 2408 570 2469 nullis
591 2411 711 2470 aconita
731 2409 913 2488 propinquis
967 2422 970 2426 ·

126 2490 274 2569 Miscuit,
294 2493 328 2550 iu
348 2511 441 2552 scena
461 2512 631 2573 numquam·
645 2494 777 2553 cantavit
798 2493 942 2570 Orestes,
1109 2497 1162 2550 220

127 2573 244 2635 Troica
263 2594 325 2633 nou
346 2577 479 2654 scripsit.
522 2577 604 2654 Quid
624 2579 706 2636 euim
727 2576 893 2654 Verginius
914 2575 1006 2636 armis

126 2656 243 2718 Debuit
260 2656 369 2717 ulcisci
389 2660 575 2737 magis„aut
595 2680 663 2720 cnm
683 2658 815 2722 Vindice
836 2659 955 2720 Galba?

10 2788 11 2791 ,
127 2740 211 2817 Quid
231 2741 314 2801 Nero
336 2748 399 2802 tam
421 2761 511 2803 saeva
530 2743 686 2823 crudaque
707 2743 871 2822 tyrannide
892 2743 991 2804 iecit?

128 2824 216 2886 Haec
237 2844 333 2905 opera
353 2832 446 2906 atque
466 2828 525 2887 bae
547 2835 619 2889 suut
640 2830 789 2905 generosi
804 2829 954 2908 principis
975 2832 1078 2905 artes,

127 2907 298 2969 Gaudentis
318 2909 412 2971 foedo
433 2913 600 2991 peregriua
616 2911 656 2972 ad
676 2910 796 2991 pulpita
815 2911 896 2972 saltu
1107 2917 1161 2971 225

125 2992 277 3053 Prostitui
299 2994 473 3075 Graiaeque
495 2998 596 3076 apium
617 2997 767 3056 meruisse
790 3012 930 3057 coronae.

125 3076 281 3140 Maiarum
301 3078 422 3155 effigies
444 3080 580 3140 habeant
600 3081 732 3160 insignia
751 3081 849 3139 vocis:

125 3163 210 3222 Ante
228 3161 326 3241 pedes
344 3162 460 3223 Domiti
480 3161 606 3242 longum
626 3170 661 3224 tu
680 3181 763 3244 poue
785 3164 941 3242 Thyestae

127 3244 238 3324 Syrma
257 3244 308 3306 vel
329 3247 518 3325 Antigones,
538 3254 574 3307 tu
594 3267 758 3328 personam
779 3245 992 3333 Menalippes,
1070 3267 1077 3276 ·

1259 2932 1261 2995 l

127 3328 170 3389 Et
192 3329 231 3389 de
251 3348 423 3389 marmoreo
446 3332 595 3391 citharam
613 3330 768 3411 suspende
790 3329 919 3391 colosso.
1108 3334 1163 3390 250
1260 3348 1261 3359 ¹

129 3410 227 3491 Quid,
250 3412 400 3491 catilina,
420 3415 482 3473 tnis
501 3412 655 3475 natalibus
673 3420 766 3492 atque
788 3415 920 3493 Cethegi

128 3493 268 3557 Inveniet
285 3500 445 3578 quisquam
465 3496 647 3559 sublimius?
668 3516 751 3558 arma
771 3504 874 3559 tamen
894 3515 948 3558 vos
