2542 3900
140 232 182 298 74
456 229 492 292 Ι).
512 230 602 293 lUN.
626 228 887 293 IUVENALIS

138 403 268 464 Fortem
287 417 381 481 posce
403 399 550 476 animum,
570 400 679 458 mortis
697 404 821 458 terrore
840 404 1014 477 carentem,

143 487 202 563 Qui
223 485 354 565 spatium
374 483 454 543 vitae
477 488 647 543 extremum
668 484 752 542 inter
773 500 901 543 munera
920 489 1016 562 ponat

139 570 291 647 Naturae,
313 569 366 646 qui
385 567 471 627 ferre
494 572 587 646 queat
605 585 813 646 quoscumque
832 564 972 644 labores,

140 653 266 715 Nesciat
285 652 392 729 nasci,
413 651 516 733 eupq'at
536 649 615 710 nihil
635 657 669 712 et
688 652 827 732 potiores
1114 659 1165 715 360
1256 678 1257 735 3

141 735 287 797 Herculis
310 736 474 797 aerumnas'
490 734 598 797 credat
619 753 786 813 saevosque
805 733 930 794 labores

138 822 181 884 Et
198 821 324 883 Venere
345 814 378 878 et
397 820 501 878 coenis
522 825 556 880 et
576 818 679 899 pluma
699 818 908 899 Sardanapali.

138 903 299 981 Monstro,
321 900 403 982 quod
421 904 489 983 ipse
510 903 569 964 tibi
589 905 689 984 possis
710 902 802 978 dare;
824 904 933 963 semita
954 906 1041 962 certe

141 986 340 1067 Tranquillae
359 1005 417 1066 per
436 989 582 1048 virtutem
601 993 690 1067 patet
709 988 800 1065 unica
819 988 910 1047 vitae.

138 1072 264 1133 Nullum
284 1089 397 1131 numen
417 1072 529 1150 habea,
551 1073 578 1131 si
599 1072 640 1135 ait
660 1071 842 1152 prudentia3
865 1069 921 1133 sed
941 1076 975 1129 te
1114 1077 1165 1133 365

138 1155 202 1217 Nos
223 1156 367 1233 facimus,
387 1155 540 1232 Fortuna,
562 1153 651 1215 deam
673 1154 824 1236 coeloque
845 1155 996 1216 locemus

430 1486 746 1562 SATI'RA
786 1487 863 1563 xl.

136 1610 269 1725 Atticus
291 1663 400 1722 eximie
422 1661 449 1719 si
470 1666 594 1738 coenat,
616 1660 716 1721 lautus
737 1662 886 1737 habetur3

136 1748 171 1808 Si
191 1746 328 1825 Rutilus,
350 1746 486 1806 demens.
531 1744 612 1821 Quid
633 1747 715 1806 enim
737 1747 854 1805 maiore
876 1746 1023 1806 cachinno

134 1833 296 1912 Excipitur
314 1830 411 1910 vulgi,
434 1849 523 1908 quam
541 1848 659 1910 pauper
680 1830 829 1910 Apicius?
851 1831 949 1889 omnis

136 1917 319 1993 Convictus,
340 1916 495 1991 thermae,
517 1915 682 1994 stationes,
706 1932 795 1973 omne
816 1915 973 1974 theatrum

135 2000 183 2059 De
203 1997 319 2059 Rutilo.
362 1999 439 2058 Nam
461 1996 533 2056 dum
551 1995 653 2057 valida
674 2018 709 2058 ac
730 1997 878 2058 iuvenilia
898 1998 1034 2059 membra
1148 2007 1166 2060 5

122 2083 302 2143 ·Sufficinnt
324 2081 445 2160 galeae,
467 2079 599 2158 dumque
621 2080 735 2141 ardens
757 2083 920 2161 sanguiue,
942 2084 1057 2159 fertur,

134 2166 204 2228 Non
225 2171 355 2245 cogente
378 2163 518 2244 quidem,
540 2163 597 2224 sed
616 2182 675 2224 nec
694 2166 883 2245 prohibente
902 2167 1044 2244 tribuno,

135 2250 314 2329 Scriptores
334 2248 421 2328 leges
444 2254 477 2308 et
496 2251 584 2328 regia
604 2249 699 2309 verba
718 2249 858 2312 laniatae.

133 2333 254 2396 Multos
274 2354 370 2415 porro
391 2333 493 2411 vides,
516 2353 592 2412 quos
614 2351 706 2412 saepe
726 2331 831 2394 elusus
852 2333 891 2394 ad
911 2335 1011 2414 ipsum

136 2418 285 2480 Creditor
306 2420 466 2479 introitum
487 2417 570 2478 solet
592 2423 773 2498 exspectare
793 2417 933 2496 macelli,
1133 2428 1168 2480 lo

112 2502 176 2563 ‘nt
196 2504 306 2581 quibus
328 2504 361 2561 in
381 2500 448 2563 solo
469 2500 592 2561 vivendi
613 2520 702 2561 eausa
722 2500 826 2581 palato
848 2510 905 2564 cst.
970 2554 975 2563 .

134 2587 286 2664 Egregius
308 2594 418 2644 coenet
438 2583 611 2664 meliusque
623 2580 824 2646 *miserrimus
843 2587 954 2648 horum

133 2670 176 2732 nt
198 2671 258 2729 cito
281 2687 406 2728 casurus
426 2669 486 2728 iam
506 2667 690 2748 perlucente
709 2671 806 2731 rutna.

102 2822 110 2833 Ι
134 2754 257 2814 Interea
277 2760 383 2831 gustus
404 2752 557 2813 elementa
577 2770 636 2833 per
658 2754 758 2812 omnia
779 2758 947 2833 quaerunt,

133 2836 303 2914 Numquam
325 2839 424 2899 animo
445 2838 556 2917 pretiis
578 2838 788 2912 obstantibus3
808 2839 940 2898 interius
962 2838 989 2896 si
1132 2846 1168 2900 15

133 2919 298 2993 Attendas‚
320 2924 415 3001 magis
435 2919 492 2982 illa
512 2922 633 2999 iuvant,
656 2938 732 2999 qnae
753 2920 853 3002 pluris
874 2926 1027 2983 emuntur.

132 3007 217 3085 Ergo
238 3004 320 3066 hand
342 3005 471 3067 difficile
493 3012 542 3066 est
560 3006 731 3086 perituram
752 3025 911 3067 arcessere
932 3025 1089 3084 summam,

132 3091 285 3152 Lancibns
307 3093 457 3171 oppositis
477 3088 528 3151 vel
549 3090 656 3151 matris
677 3091 810 3169 imagIne
830 3092 946 3169 fracta,

131 3176 175 3237 nt
196 3173 428 3255 quadringentis
448 3176 579 3235 nummis
601 3172 728 3235 condire
749 3175 887 3253 gulosum

131 3258 262 3320 Fictile:
281 3260 326 3318 sic
346 3260 473 3319 veniunt
494 3258 532 3318 ad
552 3256 750 3319 miscellanea
769 3258 844 3319 ludi.
1129 3266 1168 3320 2⁰

132 3341 243 3413 Refert
264 3360 355 3421 ergo,
377 3344 445 3420 quis
465 3342 543 3403 hoec
564 3342 673 3403 eadem
692 3347 797 3422 paret:
818 3344 851 3401 in
867 3340 975 3404 Rutilo
995 3360 1065 3402 nam

130 3423 263 3486 Luxuria
284 3432 349 3504 est,
369 3427 402 3485 in
422 3425 570 3488 Ventidio
588 3424 760 3499 laudabile;
781 3444 893 3487 nomen

132 3505 231 3568 Sumit
252 3515 320 3570 eta
342 3528 437 3571 censu
456 3507 566 3571 lamam
587 3510 694 3573 uehit.
737 3507 828 3570 Illum
849 3529 907 3590 ego
927 3511 996 3570 iure

1237 3060 1246 3095 i
