<?xml version="1.0" encoding="UTF-8"?>
<!DOCTYPE html PUBLIC "-//W3C//DTD XHTML 1.0 Transitional//EN"
    "http://www.w3.org/TR/xhtml1/DTD/xhtml1-transitional.dtd">
<html xmlns="http://www.w3.org/1999/xhtml" xml:lang="en" lang="en">
 <head>
  <title>
</title>
<meta http-equiv="Content-Type" content="text/html;charset=utf-8" />
  <meta name='ocr-system' content='tesseract 3.04.00' />
  <meta name='ocr-capabilities' content='ocr_page ocr_carea ocr_par ocr_line ocrx_word'/>
</head>
<body>
  <div class='ocr_page' id='page_1' title='image "./diuniiiuvenalis00haecgoog_0127.png"; bbox 0 0 2542 3900; ppageno 0'>
   <div class='ocr_carea' id='block_1_1' title="bbox 128 7 1259 345">
    <p class='ocr_par' dir='ltr' id='par_1_1' title="bbox 128 7 1259 345">
     <span class='ocr_line' id='line_1_1' title="bbox 128 7 1259 345; baseline 0.02 -58"><span class='ocrx_word' id='word_1_1' title='bbox 128 238 173 304; x_wconf 60' lang='grc' dir='ltr'>ω</span> <span class='ocrx_word' id='word_1_2' title='bbox 425 238 462 297; x_wconf 87' lang='lat' dir='ltr'><strong>l).</strong></span> <span class='ocrx_word' id='word_1_3' title='bbox 483 236 572 299; x_wconf 77' lang='grc' dir='ltr'><strong>[ΠΝ.</strong></span> <span class='ocrx_word' id='word_1_4' title='bbox 594 235 859 299; x_wconf 67' lang='lat' dir='ltr'><strong>windonis</strong></span> <span class='ocrx_word' id='word_1_5' title='bbox 1173 7 1259 345; x_wconf 41' lang='lat' dir='ltr'><strong>R</strong></span> 
     </span>
    </p>
   </div>
   <div class='ocr_carea' id='block_1_2' title="bbox 18 402 1259 3592">
    <p class='ocr_par' dir='ltr' id='par_1_2' title="bbox 18 402 1259 3592">
     <span class='ocr_line' id='line_1_2' title="bbox 130 402 1012 484; baseline -0.005 -15"><span class='ocrx_word' id='word_1_6' title='bbox 130 406 224 470; x_wconf 87' lang='lat' dir='ltr'><strong>Unde</strong></span> <span class='ocrx_word' id='word_1_7' title='bbox 241 407 372 481; x_wconf 75' lang='lat' dir='ltr'><strong>habear,</strong></span> <span class='ocrx_word' id='word_1_8' title='bbox 393 406 518 483; x_wconf 83' lang='lat' dir='ltr'><strong>quaerit</strong></span> <span class='ocrx_word' id='word_1_9' title='bbox 535 422 643 480; x_wconf 89' lang='lat' dir='ltr'><strong>nemo,</strong></span> <span class='ocrx_word' id='word_1_10' title='bbox 665 402 722 464; x_wconf 89' lang='lat' dir='ltr'><strong>aed</strong></span> <span class='ocrx_word' id='word_1_11' title='bbox 743 410 869 484; x_wconf 81' lang='lat' dir='ltr'><strong>oportet</strong></span> <span class='ocrx_word' id='word_1_12' title='bbox 887 405 1012 465; x_wconf 73' lang='lat' dir='ltr'><strong>halem.</strong></span> 
     </span>
     <span class='ocr_line' id='line_1_3' title="bbox 131 486 974 568; baseline -0.006 -16"><span class='ocrx_word' id='word_1_13' title='bbox 131 493 201 552; x_wconf 89' lang='lat' dir='ltr'><strong>Hoc</strong></span> <span class='ocrx_word' id='word_1_14' title='bbox 219 495 392 550; x_wconf 73' lang='lat' dir='ltr'><strong>monstrant</strong></span> <span class='ocrx_word' id='word_1_15' title='bbox 410 487 530 548; x_wconf 84' lang='lat' dir='ltr'><strong>vetulae</strong></span> <span class='ocrx_word' id='word_1_16' title='bbox 548 486 653 568; x_wconf 84' lang='lat' dir='ltr'><strong>puerla</strong></span> <span class='ocrx_word' id='word_1_17' title='bbox 674 489 856 568; x_wconf 75' lang='lat' dir='ltr'><strong>repentibus</strong></span> <span class='ocrx_word' id='word_1_18' title='bbox 874 505 974 565; x_wconf 75' lang='lat' dir='ltr'><strong>meae,</strong></span> 
     </span>
     <span class='ocr_line' id='line_1_4' title="bbox 131 570 1259 653; baseline -0.004 -18"><span class='ocrx_word' id='word_1_19' title='bbox 131 576 201 636; x_wconf 89' lang='lat' dir='ltr'><strong>lloc</strong></span> <span class='ocrx_word' id='word_1_20' title='bbox 223 573 346 634; x_wconf 80' lang='lat' dir='ltr'><strong>discunt</strong></span> <span class='ocrx_word' id='word_1_21' title='bbox 365 591 472 632; x_wconf 79' lang='lat' dir='ltr'><strong>oannes</strong></span> <span class='ocrx_word' id='word_1_22' title='bbox 492 578 562 631; x_wconf 89' lang='lat' dir='ltr'><strong>ante</strong></span> <span class='ocrx_word' id='word_1_23' title='bbox 583 570 675 651; x_wconf 84' lang='lat' dir='ltr'><strong>alpha</strong></span> <span class='ocrx_word' id='word_1_24' title='bbox 696 579 729 632; x_wconf 88' lang='lat' dir='ltr'><strong>et</strong></span> <span class='ocrx_word' id='word_1_25' title='bbox 749 574 822 632; x_wconf 81' lang='lat' dir='ltr'><strong>bete</strong></span> <span class='ocrx_word' id='word_1_26' title='bbox 841 571 971 652; x_wconf 90' lang='lat' dir='ltr'><strong>puellae.</strong></span> <span class='ocrx_word' id='word_1_27' title='bbox 1253 622 1259 653; x_wconf 74' lang='lat'><strong>,</strong></span> 
     </span>
     <span class='ocr_line' id='line_1_5' title="bbox 133 657 1258 737; baseline 0 -17"><span class='ocrx_word' id='word_1_28' title='bbox 133 657 262 720; x_wconf 74' lang='lat' dir='ltr'><strong>Talibus</strong></span> <span class='ocrx_word' id='word_1_29' title='bbox 282 660 447 718; x_wconf 83' lang='lat' dir='ltr'><strong>inatantem</strong></span> <span class='ocrx_word' id='word_1_30' title='bbox 467 658 591 716; x_wconf 80' lang='lat' dir='ltr'><strong>monitio</strong></span> <span class='ocrx_word' id='word_1_31' title='bbox 612 674 832 735; x_wconf 89' lang='lat' dir='ltr'><strong>quemcumque</strong></span> <span class='ocrx_word' id='word_1_32' title='bbox 851 662 1013 737; x_wconf 89' lang='lat' dir='ltr'><strong>parentem</strong></span> <span class='ocrx_word' id='word_1_33' title='bbox 1103 666 1162 720; x_wconf 72' lang='lat' dir='ltr'><strong>nlo</strong></span> <span class='ocrx_word' id='word_1_34' title='bbox 1257 670 1258 701; x_wconf 51' lang='lat' dir='ltr'><strong>l</strong></span> 
     </span>
     <span class='ocr_line' id='line_1_6' title="bbox 134 740 933 822; baseline -0.004 -19"><span class='ocrx_word' id='word_1_35' title='bbox 134 742 187 803; x_wconf 87' lang='lat' dir='ltr'><strong>Sle</strong></span> <span class='ocrx_word' id='word_1_36' title='bbox 207 762 330 822; x_wconf 82' lang='lat' dir='ltr'><strong>poarum</strong></span> <span class='ocrx_word' id='word_1_37' title='bbox 352 740 455 800; x_wconf 82' lang='lat' dir='ltr'><strong>affari:</strong></span> <span class='ocrx_word' id='word_1_38' title='bbox 477 741 553 819; x_wconf 86' lang='lat' dir='ltr'><strong>Dic,</strong></span> <span class='ocrx_word' id='word_1_39' title='bbox 572 760 590 800; x_wconf 95' lang='lat' dir='ltr'><strong>o</strong></span> <span class='ocrx_word' id='word_1_40' title='bbox 611 741 788 817; x_wconf 77' lang='lat' dir='ltr'>vanissime,</span> <span class='ocrx_word' id='word_1_41' title='bbox 811 742 879 819; x_wconf 85' lang='lat' dir='ltr'><strong>quia</strong></span> <span class='ocrx_word' id='word_1_42' title='bbox 899 746 933 800; x_wconf 89' lang='lat' dir='ltr'><strong>te</strong></span> 
     </span>
     <span class='ocr_line' id='line_1_7' title="bbox 132 823 918 904; baseline -0.005 -17"><span class='ocrx_word' id='word_1_43' title='bbox 132 827 297 888; x_wconf 79' lang='lat' dir='ltr'><strong>Fertinare</strong></span> <span class='ocrx_word' id='word_1_44' title='bbox 317 823 428 885; x_wconf 82' lang='lat' dir='ltr'><strong>iubett</strong></span> <span class='ocrx_word' id='word_1_45' title='bbox 448 823 609 885; x_wconf 87' lang='lat' dir='ltr'><strong>meliorem</strong></span> <span class='ocrx_word' id='word_1_46' title='bbox 627 830 751 904; x_wconf 77' lang='lat' dir='ltr'><strong>praesto</strong></span> <span class='ocrx_word' id='word_1_47' title='bbox 772 826 918 903; x_wconf 70' lang='lat' dir='ltr'><strong>magistro</strong></span> 
     </span>
     <span class='ocr_line' id='line_1_8' title="bbox 31 908 919 989; baseline -0.005 -18"><span class='ocrx_word' id='word_1_48' title='bbox 31 960 42 983; x_wconf 55' lang='lat' dir='ltr'><em>s</em></span> <span class='ocrx_word' id='word_1_49' title='bbox 132 909 332 989; x_wconf 82' lang='lat' dir='ltr'><strong>Diocipulum.</strong></span> <span class='ocrx_word' id='word_1_50' title='bbox 377 908 510 969; x_wconf 70' lang='lat' dir='ltr'><strong>Securus</strong></span> <span class='ocrx_word' id='word_1_51' title='bbox 531 910 598 983; x_wconf 88' lang='lat' dir='ltr'><strong>abi;</strong></span> <span class='ocrx_word' id='word_1_52' title='bbox 617 908 767 985; x_wconf 75' lang='lat' dir='ltr'><strong>vinceris,</strong></span> <span class='ocrx_word' id='word_1_53' title='bbox 788 914 823 968; x_wconf 91' lang='lat' dir='ltr'><strong>ut</strong></span> <span class='ocrx_word' id='word_1_54' title='bbox 842 909 919 967; x_wconf 81' lang='lat' dir='ltr'><strong>Alex</strong></span> 
     </span>
     <span class='ocr_line' id='line_1_9' title="bbox 132 990 972 1069; baseline -0.002 -14"><span class='ocrx_word' id='word_1_55' title='bbox 132 995 302 1055; x_wconf 79' lang='lat' dir='ltr'><strong>Praeteriit</strong></span> <span class='ocrx_word' id='word_1_56' title='bbox 324 991 539 1069; x_wconf 70' lang='lat' dir='ltr'><strong>Telamonem,</strong></span> <span class='ocrx_word' id='word_1_57' title='bbox 561 999 596 1052; x_wconf 88' lang='lat' dir='ltr'><strong>ut</strong></span> <span class='ocrx_word' id='word_1_58' title='bbox 615 990 711 1052; x_wconf 85' lang='lat' dir='ltr'><strong>Pelea</strong></span> <span class='ocrx_word' id='word_1_59' title='bbox 730 993 804 1051; x_wconf 80' lang='lat' dir='ltr'><strong>vicit</strong></span> <span class='ocrx_word' id='word_1_60' title='bbox 825 990 972 1053; x_wconf 87' lang='lat' dir='ltr'><strong>Achillea.</strong></span> 
     </span>
     <span class='ocr_line' id='line_1_10' title="bbox 101 1071 1158 1155; baseline 0.001 -17"><span class='ocrx_word' id='word_1_61' title='bbox 101 1080 104 1089; x_wconf 82' lang='lat'><em>&#39;</em></span> <span class='ocrx_word' id='word_1_62' title='bbox 132 1077 324 1138; x_wconf 78' lang='lat' dir='ltr'>Parcendum</span> <span class='ocrx_word' id='word_1_63' title='bbox 345 1082 395 1136; x_wconf 90' lang='lat' dir='ltr'><strong>eat</strong></span> <span class='ocrx_word' id='word_1_64' title='bbox 414 1079 548 1151; x_wconf 81' lang='lat' dir='ltr'><strong>tenerir;</strong></span> <span class='ocrx_word' id='word_1_65' title='bbox 569 1076 704 1137; x_wconf 90' lang='lat' dir='ltr'><strong>nondum</strong></span> <span class='ocrx_word' id='word_1_66' title='bbox 723 1074 892 1155; x_wconf 84' lang='lat' dir='ltr'><strong>implevere</strong></span> <span class='ocrx_word' id='word_1_67' title='bbox 911 1071 1063 1136; x_wconf 82' lang='lat' dir='ltr'><strong>medullae</strong></span> <span class='ocrx_word' id='word_1_68' title='bbox 1103 1086 1158 1139; x_wconf 74' lang='lat' dir='ltr'><strong>nlo</strong></span> 
     </span>
     <span class='ocr_line' id='line_1_11' title="bbox 132 1159 985 1240; baseline -0.002 -18"><span class='ocrx_word' id='word_1_69' title='bbox 132 1163 267 1222; x_wconf 76' lang='lat' dir='ltr'>Naturae</span> <span class='ocrx_word' id='word_1_70' title='bbox 287 1159 367 1221; x_wconf 82' lang='lat' dir='ltr'><strong>mala</strong></span> <span class='ocrx_word' id='word_1_71' title='bbox 385 1162 551 1240; x_wconf 74' lang='lat' dir='ltr'><strong>nequitiae.</strong></span> <span class='ocrx_word' id='word_1_72' title='bbox 593 1163 692 1237; x_wconf 80' lang='lat' dir='ltr'><strong>Quum</strong></span> <span class='ocrx_word' id='word_1_73' title='bbox 711 1166 840 1240; x_wconf 81' lang='lat' dir='ltr'><strong>pectere</strong></span> <span class='ocrx_word' id='word_1_74' title='bbox 860 1162 985 1220; x_wconf 85' lang='lat' dir='ltr'><strong>barbam</strong></span> 
     </span>
     <span class='ocr_line' id='line_1_12' title="bbox 133 1241 957 1387; baseline 0 -83"><span class='ocrx_word' id='word_1_75' title='bbox 133 1245 284 1325; x_wconf 84' lang='lat' dir='ltr'><strong>coeperit</strong></span> <span class='ocrx_word' id='word_1_76' title='bbox 305 1252 338 1305; x_wconf 87' lang='lat' dir='ltr'><strong>et</strong></span> <span class='ocrx_word' id='word_1_77' title='bbox 357 1242 443 1387; x_wconf 58' lang='lat' dir='ltr'><strong>loqgl</strong></span> <span class='ocrx_word' id='word_1_78' title='bbox 463 1263 640 1304; x_wconf 89' lang='lat' dir='ltr'><strong>mucronem</strong></span> <span class='ocrx_word' id='word_1_79' title='bbox 661 1244 825 1305; x_wconf 72' lang='lat' dir='ltr'><strong>admittere</strong></span> <span class='ocrx_word' id='word_1_80' title='bbox 847 1241 957 1321; x_wconf 83' lang='lat' dir='ltr'><strong>cultri,</strong></span> 
     </span>
     <span class='ocr_line' id='line_1_13' title="bbox 131 1326 876 1408; baseline -0.003 -18"><span class='ocrx_word' id='word_1_81' title='bbox 131 1327 243 1390; x_wconf 78' lang='lat' dir='ltr'><strong>Falsus</strong></span> <span class='ocrx_word' id='word_1_82' title='bbox 264 1329 327 1388; x_wconf 86' lang='lat' dir='ltr'><strong>erit</strong></span> <span class='ocrx_word' id='word_1_83' title='bbox 345 1333 395 1387; x_wconf 78' lang='lat' dir='ltr'><strong>ter</strong></span> <span class='ocrx_word' id='word_1_84' title='bbox 421 1346 453 1398; x_wconf 82' lang='lat' dir='ltr'><strong>a,</strong></span> <span class='ocrx_word' id='word_1_85' title='bbox 473 1326 588 1387; x_wconf 82' lang='lat' dir='ltr'><strong>vendet</strong></span> <span class='ocrx_word' id='word_1_86' title='bbox 605 1329 743 1408; x_wconf 86' lang='lat' dir='ltr'><strong>periuria</strong></span> <span class='ocrx_word' id='word_1_87' title='bbox 762 1347 876 1388; x_wconf 80' lang='lat' dir='ltr'><strong>summa</strong></span> 
     </span>
     <span class='ocr_line' id='line_1_14' title="bbox 132 1410 929 1491; baseline -0.003 -18"><span class='ocrx_word' id='word_1_88' title='bbox 132 1413 265 1489; x_wconf 77' lang='lat' dir='ltr'><strong>Exigua,</strong></span> <span class='ocrx_word' id='word_1_89' title='bbox 287 1411 413 1471; x_wconf 70' lang='lat' dir='ltr'><strong>Cereri}</strong></span> <span class='ocrx_word' id='word_1_90' title='bbox 433 1417 563 1489; x_wconf 76' lang='lat' dir='ltr'><strong>tangens</strong></span> <span class='ocrx_word' id='word_1_91' title='bbox 583 1430 727 1490; x_wconf 81' lang='lat' dir='ltr'><strong>aramque</strong></span> <span class='ocrx_word' id='word_1_92' title='bbox 747 1410 929 1491; x_wconf 82' lang='lat' dir='ltr'><strong>pedemque.</strong></span> 
     </span>
     <span class='ocr_line' id='line_1_15' title="bbox 131 1494 1155 1574; baseline -0.001 -17"><span class='ocrx_word' id='word_1_93' title='bbox 131 1496 252 1558; x_wconf 78' lang='lat' dir='ltr'><strong>Elatum</strong></span> <span class='ocrx_word' id='word_1_94' title='bbox 271 1496 330 1555; x_wconf 87' lang='lat' dir='ltr'><strong>lam</strong></span> <span class='ocrx_word' id='word_1_95' title='bbox 352 1494 447 1555; x_wconf 84' lang='lat' dir='ltr'><strong>erede</strong></span> <span class='ocrx_word' id='word_1_96' title='bbox 468 1514 593 1574; x_wconf 89' lang='lat' dir='ltr'><strong>nurum,</strong></span> <span class='ocrx_word' id='word_1_97' title='bbox 614 1498 641 1556; x_wconf 83' lang='lat' dir='ltr'><strong>ei</strong></span> <span class='ocrx_word' id='word_1_98' title='bbox 660 1494 767 1556; x_wconf 88' lang='lat' dir='ltr'><strong>limina</strong></span> <span class='ocrx_word' id='word_1_99' title='bbox 787 1502 890 1556; x_wconf 80' lang='lat' dir='ltr'><strong>vestra</strong></span> <span class='ocrx_word' id='word_1_100' title='bbox 1099 1502 1155 1556; x_wconf 69' lang='lat' dir='ltr'><strong>lm</strong></span> 
     </span>
     <span class='ocr_line' id='line_1_16' title="bbox 132 1577 1003 1659; baseline -0.002 -17"><span class='ocrx_word' id='word_1_101' title='bbox 132 1580 300 1642; x_wconf 79' lang='lat' dir='ltr'><strong>Mortifera</strong></span> <span class='ocrx_word' id='word_1_102' title='bbox 314 1600 383 1640; x_wconf 90' lang='lat' dir='ltr'><strong>cum</strong></span> <span class='ocrx_word' id='word_1_103' title='bbox 405 1578 478 1640; x_wconf 92' lang='lat' dir='ltr'><strong>dote</strong></span> <span class='ocrx_word' id='word_1_104' title='bbox 497 1581 589 1641; x_wconf 79' lang='lat' dir='ltr'><strong>snhlt.</strong></span> <span class='ocrx_word' id='word_1_105' title='bbox 634 1581 751 1655; x_wconf 75' lang='lat' dir='ltr'><strong>Quibus</strong></span> <span class='ocrx_word' id='word_1_106' title='bbox 769 1577 825 1639; x_wconf 87' lang='lat' dir='ltr'><strong>illa</strong></span> <span class='ocrx_word' id='word_1_107' title='bbox 843 1585 1003 1659; x_wconf 87' lang='lat' dir='ltr'><strong>premetur</strong></span> 
     </span>
     <span class='ocr_line' id='line_1_17' title="bbox 132 1662 1009 1743; baseline 0 -20"><span class='ocrx_word' id='word_1_108' title='bbox 132 1662 196 1724; x_wconf 85' lang='lat' dir='ltr'><strong>Per</strong></span> <span class='ocrx_word' id='word_1_109' title='bbox 216 1683 354 1723; x_wconf 78' lang='lat' dir='ltr'><strong>somnum</strong></span> <span class='ocrx_word' id='word_1_110' title='bbox 377 1662 495 1742; x_wconf 77' lang='lat' dir='ltr'><strong>digitis!</strong></span> <span class='ocrx_word' id='word_1_111' title='bbox 514 1683 584 1723; x_wconf 87' lang='lat' dir='ltr'><strong>nam</strong></span> <span class='ocrx_word' id='word_1_112' title='bbox 606 1683 683 1743; x_wconf 86' lang='lat' dir='ltr'><strong>qnae</strong></span> <span class='ocrx_word' id='word_1_113' title='bbox 704 1671 851 1742; x_wconf 84' lang='lat' dir='ltr'><strong>terraque</strong></span> <span class='ocrx_word' id='word_1_114' title='bbox 871 1666 1009 1743; x_wconf 87' lang='lat' dir='ltr'><strong>marlque</strong></span> 
     </span>
     <span class='ocr_line' id='line_1_18' title="bbox 133 1746 1250 1827; baseline -0.003 -18"><span class='ocrx_word' id='word_1_115' title='bbox 133 1747 332 1826; x_wconf 82' lang='lat' dir='ltr'><strong>Acquireuda</strong></span> <span class='ocrx_word' id='word_1_116' title='bbox 351 1752 459 1827; x_wconf 82' lang='lat' dir='ltr'><strong>puter,</strong></span> <span class='ocrx_word' id='word_1_117' title='bbox 481 1748 604 1808; x_wconf 80' lang='lat' dir='ltr'><strong>brevior</strong></span> <span class='ocrx_word' id='word_1_118' title='bbox 623 1749 672 1809; x_wconf 83' lang='lat' dir='ltr'><strong>via</strong></span> <span class='ocrx_word' id='word_1_119' title='bbox 693 1748 835 1808; x_wconf 85' lang='lat' dir='ltr'><strong>conferet</strong></span> <span class='ocrx_word' id='word_1_120' title='bbox 855 1746 911 1806; x_wconf 90' lang='lat' dir='ltr'><strong>illi.</strong></span> <span class='ocrx_word' id='word_1_121' title='bbox 1249 1806 1250 1815; x_wconf 63' lang='grc'>,</span> 
     </span>
     <span class='ocr_line' id='line_1_19' title="bbox 131 1829 1249 1911; baseline -0.002 -20"><span class='ocrx_word' id='word_1_122' title='bbox 131 1829 244 1892; x_wconf 79' lang='lat' dir='ltr'><strong>Nullus</strong></span> <span class='ocrx_word' id='word_1_123' title='bbox 265 1834 347 1892; x_wconf 87' lang='lat' dir='ltr'><strong>euim</strong></span> <span class='ocrx_word' id='word_1_124' title='bbox 368 1834 468 1911; x_wconf 77' lang='lat' dir='ltr'><strong>magni</strong></span> <span class='ocrx_word' id='word_1_125' title='bbox 488 1830 617 1892; x_wconf 77' lang='lat' dir='ltr'><strong>sceleris</strong></span> <span class='ocrx_word' id='word_1_126' title='bbox 637 1831 734 1895; x_wconf 87' lang='lat' dir='ltr'><strong>labor.</strong></span> <span class='ocrx_word' id='word_1_127' title='bbox 777 1831 864 1891; x_wconf 83' lang='lat' dir='ltr'><strong>llaec</strong></span> <span class='ocrx_word' id='word_1_128' title='bbox 883 1848 941 1909; x_wconf 80' lang='lat' dir='ltr'><strong>ego</strong></span> <span class='ocrx_word' id='word_1_129' title='bbox 962 1849 1125 1910; x_wconf 82' lang='lat' dir='ltr'><strong>numquam</strong></span> <span class='ocrx_word' id='word_1_130' title='bbox 1245 1832 1249 1907; x_wconf 62' lang='grc' dir='ltr'><strong>ῥ’</strong></span> 
     </span>
     <span class='ocr_line' id='line_1_20' title="bbox 133 1914 1245 1994; baseline -0.001 -18"><span class='ocrx_word' id='word_1_131' title='bbox 133 1914 295 1994; x_wconf 84' lang='lat' dir='ltr'><strong>Mandavl,</strong></span> <span class='ocrx_word' id='word_1_132' title='bbox 317 1915 402 1976; x_wconf 81' lang='lat' dir='ltr'><strong>dicer</strong></span> <span class='ocrx_word' id='word_1_133' title='bbox 421 1914 511 1994; x_wconf 92' lang='lat' dir='ltr'><strong>olim,</strong></span> <span class='ocrx_word' id='word_1_134' title='bbox 532 1934 591 1975; x_wconf 87' lang='lat' dir='ltr'><strong>nec</strong></span> <span class='ocrx_word' id='word_1_135' title='bbox 611 1915 685 1977; x_wconf 83' lang='lat' dir='ltr'><strong>talia</strong></span> <span class='ocrx_word' id='word_1_136' title='bbox 706 1917 796 1979; x_wconf 82' lang='lat' dir='ltr'><strong>euaai.</strong></span> <span class='ocrx_word' id='word_1_137' title='bbox 1103 1921 1155 1975; x_wconf 66' lang='lat'><strong>225</strong></span> <span class='ocrx_word' id='word_1_138' title='bbox 1243 1946 1245 1991; x_wconf 80' lang='lat' dir='ltr'>j</span> 
     </span>
     <span class='ocr_line' id='line_1_21' title="bbox 132 1998 1244 2079; baseline -0.004 -17"><span class='ocrx_word' id='word_1_139' title='bbox 132 1999 252 2062; x_wconf 68' lang='lat' dir='ltr'><strong>Mentis</strong></span> <span class='ocrx_word' id='word_1_140' title='bbox 273 2019 363 2059; x_wconf 80' lang='lat' dir='ltr'><strong>cauea</strong></span> <span class='ocrx_word' id='word_1_141' title='bbox 380 1998 477 2059; x_wconf 83' lang='lat' dir='ltr'><strong>melae</strong></span> <span class='ocrx_word' id='word_1_142' title='bbox 498 2005 601 2059; x_wconf 86' lang='lat' dir='ltr'><strong>tumen</strong></span> <span class='ocrx_word' id='word_1_143' title='bbox 621 2006 670 2060; x_wconf 83' lang='lat' dir='ltr'><strong>ert</strong></span> <span class='ocrx_word' id='word_1_144' title='bbox 691 2007 725 2060; x_wconf 90' lang='lat' dir='ltr'><strong>et</strong></span> <span class='ocrx_word' id='word_1_145' title='bbox 743 2001 829 2077; x_wconf 83' lang='lat' dir='ltr'><strong>origo</strong></span> <span class='ocrx_word' id='word_1_146' title='bbox 849 2017 947 2079; x_wconf 85' lang='lat' dir='ltr'><strong>penea</strong></span> <span class='ocrx_word' id='word_1_147' title='bbox 967 2005 1016 2073; x_wconf 80' lang='lat' dir='ltr'><strong>te3</strong></span> <span class='ocrx_word' id='word_1_148' title='bbox 1239 2006 1244 2015; x_wconf 93' lang='lat'>&#39;</span> 
     </span>
     <span class='ocr_line' id='line_1_22' title="bbox 132 2080 1008 2163; baseline 0.001 -21"><span class='ocrx_word' id='word_1_149' title='bbox 132 2082 210 2142; x_wconf 87' lang='lat' dir='ltr'><strong>Nam</strong></span> <span class='ocrx_word' id='word_1_150' title='bbox 231 2084 369 2160; x_wconf 85' lang='lat' dir='ltr'><strong>quiaquia</strong></span> <span class='ocrx_word' id='word_1_151' title='bbox 390 2084 491 2160; x_wconf 75' lang='lat' dir='ltr'><strong>magni</strong></span> <span class='ocrx_word' id='word_1_152' title='bbox 511 2101 620 2142; x_wconf 79' lang='lat' dir='ltr'><strong>censue</strong></span> <span class='ocrx_word' id='word_1_153' title='bbox 641 2085 802 2162; x_wconf 87' lang='lat' dir='ltr'><strong>praecepit</strong></span> <span class='ocrx_word' id='word_1_154' title='bbox 820 2102 970 2163; x_wconf 90' lang='lat' dir='ltr'><strong>amorem,</strong></span> <span class='ocrx_word' id='word_1_155' title='bbox 1004 2080 1008 2087; x_wconf 85' lang='grc'>’</span> 
     </span>
     <span class='ocr_line' id='line_1_23' title="bbox 132 2163 858 2245; baseline 0 -19"><span class='ocrx_word' id='word_1_156' title='bbox 132 2165 175 2226; x_wconf 78' lang='lat' dir='ltr'><strong>Et</strong></span> <span class='ocrx_word' id='word_1_157' title='bbox 195 2163 281 2225; x_wconf 87' lang='lat' dir='ltr'><strong>laevo</strong></span> <span class='ocrx_word' id='word_1_158' title='bbox 303 2166 420 2224; x_wconf 87' lang='lat' dir='ltr'><strong>monitu</strong></span> <span class='ocrx_word' id='word_1_159' title='bbox 439 2184 552 2245; x_wconf 85' lang='lat' dir='ltr'><strong>pueroa</strong></span> <span class='ocrx_word' id='word_1_160' title='bbox 572 2164 716 2244; x_wconf 87' lang='lat' dir='ltr'><strong>producit</strong></span> <span class='ocrx_word' id='word_1_161' title='bbox 736 2185 858 2243; x_wconf 79' lang='lat' dir='ltr'><strong>avaros,</strong></span> 
     </span>
     <span class='ocr_line' id='line_1_24' title="bbox 132 2248 1230 2330; baseline 0.002 -20"><span class='ocrx_word' id='word_1_162' title='bbox 132 2249 175 2310; x_wconf 76' lang='lat' dir='ltr'><strong>Et</strong></span> <span class='ocrx_word' id='word_1_163' title='bbox 195 2250 248 2327; x_wconf 94' lang='lat' dir='ltr'><strong>qui</strong></span> <span class='ocrx_word' id='word_1_164' title='bbox 267 2267 325 2329; x_wconf 84' lang='lat' dir='ltr'><strong>per</strong></span> <span class='ocrx_word' id='word_1_165' title='bbox 345 2248 470 2309; x_wconf 81' lang='lat' dir='ltr'><strong>frauder</strong></span> <span class='ocrx_word' id='word_1_166' title='bbox 490 2251 673 2329; x_wconf 83' lang='lat' dir='ltr'><strong>patrimonia</strong></span> <span class='ocrx_word' id='word_1_167' title='bbox 693 2248 925 2330; x_wconf 85' lang='lat' dir='ltr'><strong>conduplicare,</strong></span> <span class='ocrx_word' id='word_1_168' title='bbox 1225 2318 1230 2327; x_wconf 62' lang='grc'>,</span> 
     </span>
     <span class='ocr_line' id='line_1_25' title="bbox 131 2332 1157 2395; baseline 0.003 -3"><span class='ocrx_word' id='word_1_169' title='bbox 131 2332 193 2393; x_wconf 77' lang='lat' dir='ltr'><strong>nat</strong></span> <span class='ocrx_word' id='word_1_170' title='bbox 213 2332 392 2394; x_wconf 88' lang='lat' dir='ltr'><strong>libertatem</strong></span> <span class='ocrx_word' id='word_1_171' title='bbox 412 2340 445 2394; x_wconf 91' lang='lat' dir='ltr'><strong>et</strong></span> <span class='ocrx_word' id='word_1_172' title='bbox 464 2340 545 2393; x_wconf 82' lang='lat' dir='ltr'><strong>totae</strong></span> <span class='ocrx_word' id='word_1_173' title='bbox 564 2333 696 2395; x_wconf 85' lang='lat' dir='ltr'><strong>effundit</strong></span> <span class='ocrx_word' id='word_1_174' title='bbox 715 2336 850 2395; x_wconf 82' lang='lat' dir='ltr'><strong>habenae</strong></span> <span class='ocrx_word' id='word_1_175' title='bbox 1103 2339 1157 2395; x_wconf 71' lang='lat'><strong>23⁰</strong></span> 
     </span>
     <span class='ocr_line' id='line_1_26' title="bbox 134 2416 966 2497; baseline 0.001 -20"><span class='ocrx_word' id='word_1_176' title='bbox 134 2416 316 2492; x_wconf 79' lang='lat' dir='ltr'><strong>Curriculo;</strong></span> <span class='ocrx_word' id='word_1_177' title='bbox 336 2437 425 2497; x_wconf 92' lang='lat' dir='ltr'><strong>quem</strong></span> <span class='ocrx_word' id='word_1_178' title='bbox 446 2419 473 2478; x_wconf 84' lang='lat' dir='ltr'><strong>ai</strong></span> <span class='ocrx_word' id='word_1_179' title='bbox 493 2436 637 2497; x_wconf 79' lang='lat' dir='ltr'><strong>revocer,</strong></span> <span class='ocrx_word' id='word_1_180' title='bbox 658 2421 827 2480; x_wconf 81' lang='lat' dir='ltr'><strong>aubalstere</strong></span> <span class='ocrx_word' id='word_1_181' title='bbox 848 2416 966 2478; x_wconf 79' lang='lat' dir='ltr'><strong>neaclt&#39;</strong></span> 
     </span>
     <span class='ocr_line' id='line_1_27' title="bbox 132 2501 882 2583; baseline 0 -21"><span class='ocrx_word' id='word_1_182' title='bbox 132 2501 175 2562; x_wconf 75' lang='lat' dir='ltr'><strong>nt</strong></span> <span class='ocrx_word' id='word_1_183' title='bbox 194 2504 228 2560; x_wconf 83' lang='lat' dir='ltr'><strong>te</strong></span> <span class='ocrx_word' id='word_1_184' title='bbox 249 2507 425 2580; x_wconf 89' lang='lat' dir='ltr'><strong>contempto</strong></span> <span class='ocrx_word' id='word_1_185' title='bbox 443 2503 562 2581; x_wconf 87' lang='lat' dir='ltr'><strong>rapitur</strong></span> <span class='ocrx_word' id='word_1_186' title='bbox 582 2505 735 2583; x_wconf 76' lang='lat' dir='ltr'><strong>metisque</strong></span> <span class='ocrx_word' id='word_1_187' title='bbox 756 2502 882 2563; x_wconf 83' lang='lat' dir='ltr'><strong>relictio.</strong></span> 
     </span>
     <span class='ocr_line' id='line_1_28' title="bbox 132 2583 967 2666; baseline 0.001 -21"><span class='ocrx_word' id='word_1_188' title='bbox 132 2583 231 2645; x_wconf 89' lang='lat' dir='ltr'><strong>Nemo</strong></span> <span class='ocrx_word' id='word_1_189' title='bbox 252 2585 326 2645; x_wconf 84' lang='lat' dir='ltr'><strong>aetla</strong></span> <span class='ocrx_word' id='word_1_190' title='bbox 345 2584 446 2645; x_wconf 88' lang='lat' dir='ltr'><strong>credit</strong></span> <span class='ocrx_word' id='word_1_191' title='bbox 463 2593 580 2646; x_wconf 89' lang='lat' dir='ltr'><strong>tantum</strong></span> <span class='ocrx_word' id='word_1_192' title='bbox 601 2585 801 2665; x_wconf 85' lang='lat' dir='ltr'><strong>delinquere,</strong></span> <span class='ocrx_word' id='word_1_193' title='bbox 823 2591 967 2666; x_wconf 88' lang='lat' dir='ltr'><strong>qnantum</strong></span> 
     </span>
     <span class='ocr_line' id='line_1_29' title="bbox 131 2667 1247 2750; baseline 0.01 -22"><span class='ocrx_word' id='word_1_194' title='bbox 131 2668 317 2742; x_wconf 83' lang='lat' dir='ltr'><strong>Permittaa3</strong></span> <span class='ocrx_word' id='word_1_195' title='bbox 339 2667 415 2728; x_wconf 89' lang='lat' dir='ltr'><strong>adeo</strong></span> <span class='ocrx_word' id='word_1_196' title='bbox 437 2667 598 2749; x_wconf 76' lang='lat' dir='ltr'><strong>indulgent</strong></span> <span class='ocrx_word' id='word_1_197' title='bbox 618 2672 677 2731; x_wconf 83' lang='lat' dir='ltr'><strong>eibi</strong></span> <span class='ocrx_word' id='word_1_198' title='bbox 696 2669 789 2731; x_wconf 83' lang='lat' dir='ltr'><strong>latino</strong></span> <span class='ocrx_word' id='word_1_199' title='bbox 810 2672 878 2750; x_wconf 73' lang='lat' dir='ltr'><strong>ipat</strong></span> <span class='ocrx_word' id='word_1_200' title='bbox 1180 2726 1192 2743; x_wconf 86' lang='lat'><strong>.</strong></span> <span class='ocrx_word' id='word_1_201' title='bbox 1246 2736 1247 2739; x_wconf 74' lang='grc'>,</span> 
     </span>
     <span class='ocr_line' id='line_1_30' title="bbox 18 2750 1249 2834; baseline 0.005 -25"><span class='ocrx_word' id='word_1_202' title='bbox 18 2770 25 2778; x_wconf 95' lang='grc'><strong><em>·</em></strong></span> <span class='ocrx_word' id='word_1_203' title='bbox 133 2752 234 2827; x_wconf 79' lang='lat' dir='ltr'><strong>Quum</strong></span> <span class='ocrx_word' id='word_1_204' title='bbox 250 2750 327 2812; x_wconf 76' lang='lat' dir='ltr'><strong>dicIo</strong></span> <span class='ocrx_word' id='word_1_205' title='bbox 348 2753 450 2813; x_wconf 84' lang='lat' dir='ltr'><strong>iuveni</strong></span> <span class='ocrx_word' id='word_1_206' title='bbox 472 2751 614 2832; x_wconf 76' lang='lat' dir='ltr'><strong>stultum,</strong></span> <span class='ocrx_word' id='word_1_207' title='bbox 637 2756 689 2834; x_wconf 90' lang='lat' dir='ltr'><strong>qui</strong></span> <span class='ocrx_word' id='word_1_208' title='bbox 711 2753 807 2815; x_wconf 85' lang='lat' dir='ltr'><strong>donet</strong></span> <span class='ocrx_word' id='word_1_209' title='bbox 827 2755 965 2832; x_wconf 83' lang='lat' dir='ltr'><strong>amico,</strong></span> <span class='ocrx_word' id='word_1_210' title='bbox 1103 2757 1154 2814; x_wconf 73' lang='lat'><strong>235</strong></span> <span class='ocrx_word' id='word_1_211' title='bbox 1244 2798 1249 2815; x_wconf 45' lang='lat' dir='ltr'><strong>o</strong></span> 
     </span>
     <span class='ocr_line' id='line_1_31' title="bbox 132 2836 933 2919; baseline 0.002 -25"><span class='ocrx_word' id='word_1_212' title='bbox 132 2836 194 2911; x_wconf 77' lang='lat' dir='ltr'><strong>Qui</strong></span> <span class='ocrx_word' id='word_1_213' title='bbox 214 2842 424 2915; x_wconf 84' lang='lat' dir='ltr'><strong>paupertatem</strong></span> <span class='ocrx_word' id='word_1_214' title='bbox 445 2838 531 2897; x_wconf 84' lang='lat' dir='ltr'><strong>levet</strong></span> <span class='ocrx_word' id='word_1_215' title='bbox 551 2838 731 2916; x_wconf 81' lang='lat' dir='ltr'><strong>attollatque</strong></span> <span class='ocrx_word' id='word_1_216' title='bbox 751 2839 933 2919; x_wconf 86' lang='lat' dir='ltr'><strong>propinqui,</strong></span> 
     </span>
     <span class='ocr_line' id='line_1_32' title="bbox 131 2918 929 2998; baseline 0 -17"><span class='ocrx_word' id='word_1_217' title='bbox 131 2920 174 2981; x_wconf 79' lang='lat' dir='ltr'><strong>Et</strong></span> <span class='ocrx_word' id='word_1_218' title='bbox 196 2918 330 2998; x_wconf 86' lang='lat' dir='ltr'><strong>apoliare</strong></span> <span class='ocrx_word' id='word_1_219' title='bbox 351 2920 445 2983; x_wconf 84' lang='lat' dir='ltr'><strong>docco</strong></span> <span class='ocrx_word' id='word_1_220' title='bbox 466 2927 500 2982; x_wconf 88' lang='lat' dir='ltr'><strong>et</strong></span> <span class='ocrx_word' id='word_1_221' title='bbox 520 2922 773 2984; x_wconf 72' lang='lat' dir='ltr'><strong>circumscribere</strong></span> <span class='ocrx_word' id='word_1_222' title='bbox 793 2930 826 2983; x_wconf 89' lang='lat' dir='ltr'><strong>et</strong></span> <span class='ocrx_word' id='word_1_223' title='bbox 847 2923 929 2982; x_wconf 90' lang='lat' dir='ltr'><strong>omni</strong></span> 
     </span>
     <span class='ocr_line' id='line_1_33' title="bbox 132 3003 982 3087; baseline 0 -22"><span class='ocrx_word' id='word_1_224' title='bbox 132 3004 271 3065; x_wconf 76' lang='lat' dir='ltr'><strong>crimine</strong></span> <span class='ocrx_word' id='word_1_225' title='bbox 292 3003 412 3066; x_wconf 81' lang='lat' dir='ltr'><strong>divitiae</strong></span> <span class='ocrx_word' id='word_1_226' title='bbox 433 3008 610 3086; x_wconf 85' lang='lat' dir='ltr'><strong>acquirere,</strong></span> <span class='ocrx_word' id='word_1_227' title='bbox 631 3027 758 3087; x_wconf 88' lang='lat' dir='ltr'><strong>quarum</strong></span> <span class='ocrx_word' id='word_1_228' title='bbox 776 3027 860 3067; x_wconf 89' lang='lat' dir='ltr'><strong>amor</strong></span> <span class='ocrx_word' id='word_1_229' title='bbox 880 3007 914 3066; x_wconf 90' lang='lat' dir='ltr'><strong>in</strong></span> <span class='ocrx_word' id='word_1_230' title='bbox 934 3011 982 3082; x_wconf 91' lang='lat' dir='ltr'><strong>te,</strong></span> 
     </span>
     <span class='ocr_line' id='line_1_34' title="bbox 133 3088 1065 3170; baseline 0.002 -24"><span class='ocrx_word' id='word_1_231' title='bbox 133 3088 271 3163; x_wconf 76' lang='lat' dir='ltr'><strong>Quantus</strong></span> <span class='ocrx_word' id='word_1_232' title='bbox 291 3096 360 3149; x_wconf 87' lang='lat' dir='ltr'><strong>erat</strong></span> <span class='ocrx_word' id='word_1_233' title='bbox 378 3092 496 3170; x_wconf 86' lang='lat' dir='ltr'><strong>patriae</strong></span> <span class='ocrx_word' id='word_1_234' title='bbox 518 3092 682 3152; x_wconf 85' lang='lat' dir='ltr'><strong>Deciorum</strong></span> <span class='ocrx_word' id='word_1_235' title='bbox 702 3093 736 3151; x_wconf 89' lang='lat' dir='ltr'><strong>in</strong></span> <span class='ocrx_word' id='word_1_236' title='bbox 755 3097 899 3170; x_wconf 83' lang='lat' dir='ltr'><strong>pectore,</strong></span> <span class='ocrx_word' id='word_1_237' title='bbox 921 3093 1065 3169; x_wconf 87' lang='lat' dir='ltr'><strong>quantum</strong></span> 
     </span>
     <span class='ocr_line' id='line_1_35' title="bbox 132 3169 1159 3254; baseline 0.001 -22"><span class='ocrx_word' id='word_1_238' title='bbox 132 3169 251 3232; x_wconf 83' lang='lat' dir='ltr'><strong>Dilexit</strong></span> <span class='ocrx_word' id='word_1_239' title='bbox 270 3172 412 3251; x_wconf 81' lang='lat' dir='ltr'><strong>Thebae,</strong></span> <span class='ocrx_word' id='word_1_240' title='bbox 432 3175 460 3234; x_wconf 86' lang='lat' dir='ltr'><strong>ai</strong></span> <span class='ocrx_word' id='word_1_241' title='bbox 482 3175 611 3236; x_wconf 83' lang='lat' dir='ltr'><strong>Graecia</strong></span> <span class='ocrx_word' id='word_1_242' title='bbox 631 3195 720 3254; x_wconf 83' lang='lat' dir='ltr'><strong>vera,</strong></span> <span class='ocrx_word' id='word_1_243' title='bbox 741 3176 946 3249; x_wconf 81' lang='lat' dir='ltr'><strong>Menoeceua3</strong></span> <span class='ocrx_word' id='word_1_244' title='bbox 1102 3176 1159 3233; x_wconf 71' lang='lat' dir='ltr'><strong>ido</strong></span> 
     </span>
     <span class='ocr_line' id='line_1_36' title="bbox 132 3254 879 3338; baseline 0.007 -22"><span class='ocrx_word' id='word_1_245' title='bbox 132 3255 167 3316; x_wconf 93' lang='lat' dir='ltr'><strong>ln</strong></span> <span class='ocrx_word' id='word_1_246' title='bbox 187 3272 315 3334; x_wconf 88' lang='lat' dir='ltr'><strong>qnorum</strong></span> <span class='ocrx_word' id='word_1_247' title='bbox 336 3254 430 3317; x_wconf 72' lang='lat' dir='ltr'><strong>sulcia</strong></span> <span class='ocrx_word' id='word_1_248' title='bbox 448 3255 588 3337; x_wconf 71' lang='lat' dir='ltr'><strong>legionen</strong></span> <span class='ocrx_word' id='word_1_249' title='bbox 610 3258 753 3320; x_wconf 74' lang='lat' dir='ltr'><strong>dentibus</strong></span> <span class='ocrx_word' id='word_1_250' title='bbox 774 3262 879 3338; x_wconf 78' lang='lat' dir='ltr'><strong>angnia</strong></span> 
     </span>
     <span class='ocr_line' id='line_1_37' title="bbox 133 3336 1013 3424; baseline 0.002 -26"><span class='ocrx_word' id='word_1_251' title='bbox 133 3338 210 3398; x_wconf 80' lang='lat' dir='ltr'><strong>Cum</strong></span> <span class='ocrx_word' id='word_1_252' title='bbox 230 3336 349 3419; x_wconf 77' lang='lat' dir='ltr'><strong>clypeis</strong></span> <span class='ocrx_word' id='word_1_253' title='bbox 369 3350 534 3402; x_wconf 75' lang='lat' dir='ltr'><strong>nascuntur</strong></span> <span class='ocrx_word' id='word_1_254' title='bbox 555 3350 588 3404; x_wconf 84' lang='lat' dir='ltr'><strong>et</strong></span> <span class='ocrx_word' id='word_1_255' title='bbox 606 3344 732 3404; x_wconf 85' lang='lat' dir='ltr'><strong>horrida</strong></span> <span class='ocrx_word' id='word_1_256' title='bbox 751 3342 832 3404; x_wconf 84' lang='lat' dir='ltr'><strong>bella</strong></span> <span class='ocrx_word' id='word_1_257' title='bbox 852 3345 1013 3424; x_wconf 85' lang='lat' dir='ltr'><strong>capeaauut</strong></span> 
     </span>
     <span class='ocr_line' id='line_1_38' title="bbox 133 3421 950 3503; baseline 0.011 -24"><span class='ocrx_word' id='word_1_258' title='bbox 133 3421 303 3500; x_wconf 79' lang='lat' dir='ltr'><strong>continno,</strong></span> <span class='ocrx_word' id='word_1_259' title='bbox 325 3429 477 3503; x_wconf 79' lang='lat' dir='ltr'><strong>tunquam</strong></span> <span class='ocrx_word' id='word_1_260' title='bbox 497 3434 530 3486; x_wconf 89' lang='lat' dir='ltr'><strong>et</strong></span> <span class='ocrx_word' id='word_1_261' title='bbox 550 3429 676 3488; x_wconf 86' lang='lat' dir='ltr'><strong>tubicen</strong></span> <span class='ocrx_word' id='word_1_262' title='bbox 695 3429 866 3488; x_wconf 80' lang='lat' dir='ltr'><strong>eorrexerit</strong></span> <span class='ocrx_word' id='word_1_263' title='bbox 883 3447 950 3488; x_wconf 86' lang='lat' dir='ltr'><strong>una.</strong></span> 
     </span>
     <span class='ocr_line' id='line_1_39' title="bbox 131 3502 871 3592; baseline 0.016 -30"><span class='ocrx_word' id='word_1_264' title='bbox 131 3502 216 3583; x_wconf 76' lang='lat' dir='ltr'><strong>Ergo</strong></span> <span class='ocrx_word' id='word_1_265' title='bbox 236 3506 356 3586; x_wconf 79' lang='lat' dir='ltr'><strong>ignem,</strong></span> <span class='ocrx_word' id='word_1_266' title='bbox 378 3510 463 3569; x_wconf 79' lang='lat' dir='ltr'><strong>colu·</strong></span> <span class='ocrx_word' id='word_1_267' title='bbox 484 3509 633 3572; x_wconf 82' lang='lat' dir='ltr'><strong>eolntlllar</strong></span> <span class='ocrx_word' id='word_1_268' title='bbox 652 3513 720 3592; x_wconf 85' lang='lat' dir='ltr'><strong>ipae</strong></span> <span class='ocrx_word' id='word_1_269' title='bbox 741 3509 871 3590; x_wconf 70' lang='lat' dir='ltr'><strong>dedisti,</strong></span> 
     </span>
    </p>
   </div>
   <div class='ocr_carea' id='block_1_3' title="bbox 0 0 1281 3900">
    <p class='ocr_par' dir='ltr' id='par_1_3' title="bbox 0 0 1281 3900">
     <span class='ocr_line' id='line_1_40' title="bbox 0 0 1281 3900; baseline 0 0"><span class='ocrx_word' id='word_1_270' title='bbox 0 0 1281 3900; x_wconf 95' lang='lat' dir='ltr'><strong> </strong></span> 
     </span>
    </p>
   </div>
  </div>
 </body>
</html>
