2530 3900
436 210 667 275 Α8ΔΤΙΗΔ
698 211 733 271 11.

123 380 194 443 Non
214 377 291 440 tulit
312 396 351 438 ex
370 376 433 439 illis
454 385 575 440 torvum
595 377 727 438 Laronia
744 376 906 457 quemdam

84 464 123 528 cl
211 472 277 525 tem
299 464 408 523 toties:
430 463 493 525 Ubi
512 481 594 522 nunc
613 460 667 523 lex
685 461 782 522 Iulia?
803 460 941 522 dormis?

83 553 125 611 At
209 550 256 609 ita
278 546 458 607 subridens:
478 545 598 607 Felicia
618 552 874 626 tempora‚lquae
895 553 928 607 te

84 635 230 695 Moribus
252 632 424 712 opponunt!
445 631 570 691 Habeat
588 631 648 691 iam
669 631 765 689 Roma
783 629 950 709 pudorem;

87 717 218 777 Tertius
239 733 257 774 e
278 714 363 775 coelo
384 714 501 776 occidit
521 715 615 774 Cato!
647 713 711 774 Sed
728 720 832 773 tamen
849 713 931 774 unde
1084 729 1118 781 40

87 802 176 863 Haec
197 801 287 877 emis,
308 800 429 859 hirsuto
451 800 570 880 spirant
589 796 784 878 opobalsama
803 795 885 858 collo

91 884 176 960 Quae
196 884 273 943 tibi?
292 902 333 944 ne
353 883 471 963 pudeat
492 882 647 943 dominum
668 889 840 943 monstrare
861 884 1017 942 tabernae.

93 966 179 1043 Quod
198 969 224 1028 si
243 974 392 1028 vexantur
412 966 499 1046 leges
521 986 557 1026 ac
575 968 660 1043 iura,
680 968 770 1026 citari

90 1053 170 1112 Ante
190 1071 295 1113 omnes
316 1051 413 1112 debet
431 1051 599 1114 Scantinia.
625 1050 758 1131 Respice
779 1051 911 1129 primum

87 1137 129 1196 nt
149 1143 286 1197 scrutare
306 1136 405 1195 viros:
424 1136 542 1196 faciunt
562 1135 596 1194 hi
615 1132 722 1215 plura;
742 1134 799 1194 sed
818 1132 890 1195 illos

76 1220 233 1294 ⁸Defendit
252 1238 400 1281 numerus
422 1220 608 1298 iunctaeque
629 1220 761 1279 umbone
781 1216 959 1300 phalanges.

85 1304 199 1383 Magna
218 1307 304 1364 inter
323 1303 434 1364 molles
454 1302 629 1366 concordia.
662 1303 731 1363 Non
754 1305 815 1363 erit
835 1300 932 1363 ullum

84 1387 266 1470 Exemplum
287 1389 321 1448 in
341 1395 449 1449 nostro
471 1395 535 1448 tam
557 1386 743 1448 detestabile
765 1406 848 1449 sexu.

85 1472 186 1533 Tedia
205 1492 269 1532 non
288 1471 397 1533 lambit
416 1471 554 1534 Cluviam
575 1490 633 1532 nec
654 1470 750 1532 Flora
771 1469 939 1534 Getullam:

83 1557 184 1637 Hispo
206 1559 288 1618 subit
307 1557 435 1618 iuvenes
456 1563 489 1618 et
509 1557 618 1616 morto
640 1554 738 1636 pallet
759 1564 901 1636 utroque.

83 1640 240 1720 Numquid
260 1660 326 1700 nos.
339 1642 454 1718 agimus
477 1660 599 1717 causas,
622 1638 725 1702 civilia
745 1642 814 1701 iura
921 1663 924 1669 ’

84 1724 248 1802 Novimus,
269 1730 321 1783 aut
340 1724 404 1784 ullo
427 1726 560 1804 strepitu
578 1725 648 1785 fora
667 1732 770 1785 vestra
788 1726 965 1786 movemus?

85 1808 257 1877 Luctantur
277 1826 409 1888 paucae,
431 1808 595 1869 comedunt
617 1807 751 1888 coliphia
770 1827 900 1888 paucae:

85 1891 154 1954 Vos
173 1890 272 1951 lanam
292 1892 417 1952 trahitis
438 1891 626 1973 calathisque
644 1898 771 1973 peracta
791 1891 917 1952 refertis

85 1972 234 2049 Vellera3
255 1994 308 2035 vos
330 1978 417 2036 tenui
436 1985 657 2057 praegnantem
680 1978 808 2038 stamine
827 1976 927 2038 iusum

83 2057 244 2139 Penelope
265 2057 392 2139 melius,
418 2060 518 2122 levius
538 2063 693 2141 torquetis
714 2062 874 2137 Arachne3

84 2142 223 2203 Horrida
244 2143 335 2222 quale
355 2144 431 2205 iacit
449 2146 593 2206 residens
609 2147 643 2206 in
665 2146 772 2207 codice
793 2145 904 2227 pellex.

83 2227 199 2287 Notum
219 2235 282 2305 est,
305 2247 360 2288 cur
381 2227 448 2289 solo
469 2229 588 2290 tabulas
607 2230 785 2311 impleverit
804 2231 912 2291 Hister

84 2311 232 2389 Liberto,
251 2310 376 2373 dederit
395 2315 480 2374 rivus
500 2333 556 2375 cur
576 2316 671 2375 multa
688 2314 822 2396 puellae.

82 2394 178 2455 Dives
200 2396 277 2475 erit,
299 2415 408 2476 magno
431 2416 509 2477 quae
533 2397 647 2460 dormit
666 2401 761 2459 tertia
781 2397 873 2460 lecto.

84 2479 137 2538 'l'u
155 2480 236 2540 nube
258 2486 352 2560 atque
369 2487 454 2541 tace:
476 2480 593 2542 donant
613 2504 722 2544 arcana
744 2480 910 2562 cylindros.

82 2562 132 2622 De
153 2564 243 2623 nobis
261 2572 334 2645 post
354 2565 432 2625 haec
450 2567 550 2626 tristis
571 2569 725 2628 sententia
745 2567 863 2641 fertur3

81 2646 144 2706 Dat
165 2649 284 2708 reniam
306 2650 422 2727 corvis,
443 2656 534 2710 vexat
554 2670 684 2712 censura
702 2651 865 2712 columbas.

125 2730 286 2810 Fugerunt
305 2732 422 2813 trepidi
443 2753 517 2795 vera
538 2755 572 2795 ac
589 2736 751 2798 manifesta
772 2741 932 2796 canentem

83 2813 250 2877 Stoicidae.
282 2816 364 2892 Quid
384 2818 466 2878 enim
485 2818 555 2879 falsi
575 2818 730 2880 Laronia?
751 2818 807 2879 sed
828 2818 901 2898 quid

83 2898 154 2958 Non
173 2899 290 2960 facient
310 2899 379 2978 alii,
400 2920 492 2979 quum
512 2911 547 2963 tu
566 2903 703 2964 multicia
724 2923 839 2981 sumas,

83 2983 226 3061 Cretico,
248 2989 281 3043 et
299 2985 379 3044 hanc
401 2993 518 3047 vestem
538 2985 653 3068 populo
675 2990 805 3048 mirante
825 3006 956 3067 perores

82 3063 118 3126 In
137 3066 286 3128 Proculas
307 3075 340 3128 et
360 3068 515 3131 Pollitas?
537 3078 586 3131 est
605 3073 734 3132 moecha
754 3070 898 3134 Labulle:

81 3149 269 3229 Damnetur,
290 3153 317 3212 si
336 3155 399 3232 vis,
421 3155 515 3214 etiam
536 3156 684 3216 Carfinia:
706 3155 801 3216 talem

81 3233 151 3295 Non
170 3241 272 3296 sumet
292 3235 433 3298 damnata
450 3245 562 3317 togam.
594 3239 658 3300 Sed
677 3239 771 3301 lulius
791 3238 895 3316 ardet,

81 3317 208 3381 Aestuo.
241 3318 347 3379 Nudus
369 3339 455 3401 agasz
476 3325 576 3383 minus
598 3332 647 3384 est
667 3326 785 3386 insania
805 3323 919 3402 turpis!

80 3401 130 3464 nn
152 3404 306 3481 habitum,
329 3423 389 3483 quo
411 3412 444 3467 te
464 3405 554 3485 leges
575 3426 610 3467 ac
631 3409 699 3467 iura
718 3407 875 3467 ferentem

80 3484 271 3549 Vulneribus
293 3487 396 3548 crudis
416 3489 550 3572 populus
569 3489 661 3551 modo
683 3492 782 3549 victor
805 3496 838 3549 et
857 3486 936 3547 illud
