2542 3900
477 223 676 286 scilian
702 223 779 287 Xlll

114 396 186 458 Nec
206 412 286 475 puer
306 391 432 471 iliacus,
453 393 590 453 formosa
605 409 665 452 nec
683 391 829 453 Herculis
850 411 926 452 uxor

116 478 171 545 Ad
191 479 335 558 cyathos,
357 483 389 536 et
408 477 468 537 ism
490 478 603 537 siccato
623 482 750 541 nectare
768 482 895 554 tergens

115 563 253 624 Brachia
268 559 424 623 Vulcanus
444 560 593 640 Liparaea
613 561 702 638 nigra
718 561 855 621 taberna.

115 646 299 709 Prandebat
319 646 379 705 sibi
402 646 530 724 quisque
551 642 644 721 deus,
664 662 723 704 nec
743 646 835 705 turba
854 642 982 706 deorum

120 728 226 807 Talis,
248 734 283 789 ut
304 734 353 789 est
373 727 483 806 hodie,
505 733 709 806 contentaque
730 727 835 789 sidera
852 731 956 807 paucis

120 812 304 877 Numinibus
324 813 470 872 miserum
490 813 641 889 urgebant
660 810 787 873 Atlanta
804 813 917 873 minori

122 896 278 974 Pondere.
318 895 459 956 Nondum
480 894 590 974 aliquis
609 897 736 955 sortitus
754 897 846 957 triste
867 895 1014 976 profundi

125 980 289 1063 imperium
310 985 362 1039 aut
382 978 488 1041 Sicula
506 986 611 1040 torvus
629 999 698 1039 cum
718 982 848 1058 coniuge
867 979 999 1055 Pluton3

124 1065 192 1124 Nec
211 1070 279 1125 rota
299 1083 357 1124 nec
377 1062 490 1124 Furiae
511 1081 570 1123 nec
590 1082 694 1123 saxum
715 1068 766 1123 aut
785 1062 914 1124 vulturis
934 1066 994 1124 atri

124 1147 245 1224 Poena,
267 1147 324 1208 sed
344 1147 475 1207 infernis
495 1145 611 1206 hilares
631 1148 698 1207 sinc
716 1149 841 1226 regibus
860 1150 994 1209 umbrae.

125 1231 307 1311 improbitas
325 1229 384 1290 illo
403 1229 672 1295 fuitadmirabilis
693 1249 783 1309 aevo,

125 1314 304 1376 Credebant
324 1312 406 1394 quod
426 1313 542 1393 pande
563 1315 650 1375 nefas
670 1322 704 1376 et
722 1322 822 1376 morte
835 1312 995 1396 piandum,

125 1399 160 1459 Si
178 1401 295 1460 iuvenis
316 1397 420 1459 vetulo
438 1419 500 1458 non
521 1406 731 1460 assurrexerat
751 1406 784 1460 et
805 1401 832 1459 si

123 1484 258 1543 Barbato
280 1483 459 1562 cuicumque
480 1502 574 1563 puer,
594 1481 670 1543 licet
689 1484 761 1561 ipss
777 1481 899 1543 videret

124 1566 222 1628 Plura
244 1565 326 1626 domi
346 1567 431 1626 farra
450 1573 482 1627 et
502 1568 634 1626 maiores
654 1563 775 1644 glandis
794 1584 929 1628 acervos.

126 1652 206 1712 Tam
227 1649 404 1711 venerabile
426 1657 494 1711 erat
513 1649 702 1731 praecedere
722 1655 852 1730 quatuor
873 1650 976 1728 annis,

126 1735 291 1814 Primaque
312 1754 367 1814 par
388 1735 465 1795 adeo
487 1752 591 1794 sacrae
611 1731 723 1813 lanugo
744 1736 903 1801 senectae!

127 1819 233 1896 Nunc,
252 1820 280 1878 si
301 1812 472 1898 depositum
493 1837 555 1878 non
573 1819 725 1881 infitietur
742 1819 872 1894 unicus,

128 1901 164 1961 Si
182 1900 293 1961 reddat
310 1910 448 1963 veterem
469 1922 537 1962 cum
555 1907 622 1962 tota
640 1903 785 1979 aerugine
805 1899 929 1980 follem,

126 1983 308 2063 Prodigiosa
327 1985 405 2046 fides
427 1991 460 2047 et
480 1985 589 2046 Tuscis
611 1984 702 2064 digua
721 1983 852 2064 libellis,

125 2069 274 2148 Quaeque
296 2075 440 2131 coronata
459 2069 585 2131 lustrari
604 2069 717 2131 debeat
737 2087 821 2149 agua.

125 2154 293 2232 Egregium
312 2161 510 2234 sanctumque
530 2155 629 2215 virum
649 2156 676 2215 si
698 2172 809 2232 cerno,
830 2154 992 2214 bimembri

127 2238 197 2297 Hoc
217 2243 385 2301 monstrum
405 2257 502 2318 puero
523 2244 557 2298 et
575 2239 698 2298 miranti
719 2240 776 2298 sub
796 2243 898 2298 aratro

127 2319 267 2381 Piscibus
287 2323 420 2382 inventis
441 2323 587 2383 etvfetne·
599 2339 742 2400 comparo
763 2319 879 2398 mnae,

128 2402 304 2481 Sollicitus,
324 2409 476 2484 tamquam
496 2404 616 2485 lapides
637 2402 784 2464 effuderit
801 2404 901 2463 imber

127 2488 324 2568 Examenque
346 2491 446 2568 apium
467 2488 559 2567 longa
579 2487 756 2549 consederit
775 2506 832 2546 uva

7 2648 8 2655 ἵ
130 2569 273 2632 Culmine
293 2571 431 2651 delubri,
451 2580 604 2651 tamquam
624 2573 658 2632 in
678 2590 762 2632 mare
782 2571 906 2631 fluxerit
927 2573 1023 2632 amnis

7 2662 9 2695 Γ
127 2655 309 2734 Gurgitibus
329 2658 415 2717 miris
437 2665 470 2717 et
488 2657 578 2717 lactis
598 2658 716 2716 vortice
737 2662 869 2716 torrens.

7 2738 9 2809 Ξ
171 2740 348 2820 Intercepta
370 2740 478 2802 decem
500 2742 640 2820 quereris
660 2741 805 2801 sestertia
823 2736 933 2799 fraude

128 2821 308 2902 Sacrilegai
328 2824 419 2904 quid,
440 2826 467 2884 si
488 2827 535 2885 bis
557 2830 679 2885 centum
697 2823 836 2904 perdidit
855 2821 936 2883 alter

126 2907 197 2967 Hoc
219 2927 328 2970 arcana
347 2907 461 2968 modo?
481 2910 628 2968 maiorem
644 2910 757 2969 tertius
778 2905 833 2966 illa

127 2990 298 3067 Summam,
321 3012 409 3070 quam
429 2990 552 3071 patulae
573 2993 622 3051 vix
642 2997 769 3071 ceperat
786 2987 912 3069 angulus
930 2991 1042 3061 arcae?
1262 3040 1263 3047 ,

127 3074 205 3134 Tam
225 3073 319 3134 facile
339 3083 373 3136 et
390 3095 521 3156 pronum
541 3080 590 3136 est
610 3094 738 3155 superos
757 3082 955 3136 contemnere
974 3081 1089 3153 testes,
1117 3081 1151 3137 75
1262 3094 1263 3109 ¹

127 3157 163 3217 Si
184 3157 325 3219 mortalis
343 3158 427 3220 idem
447 3178 537 3219 nemo
559 3160 650 3219 sciat!
672 3160 791 3239 aspice,
814 3164 926 3238 quauta

126 3241 213 3303 Voce
234 3246 346 3320 neget,
369 3261 446 3321 qnae
468 3244 510 3303 sit
530 3243 597 3302 ficti
617 3244 787 3303 constantia
807 3242 917 3304 vultus.

125 3324 190 3384 Per
212 3322 296 3385 Solis
316 3324 420 3385 radios
442 3326 638 3407 Tarpeiaque
659 3326 885 3388 fulminarunt

124 3408 169 3469 Et
188 3409 300 3469 Martis
320 3408 469 3469 stanneam
489 3417 523 3471 et
543 3411 686 3471 Cirrhaei
706 3409 823 3490 spicula
843 3411 936 3488 vatis,

125 3491 190 3553 Per
209 3489 343 3553 calamos
363 3494 529 3555 venatricis
548 3495 786 3574 pharetramque
806 3491 944 3574 puellae,
