2530 3900
140 239 184 306 ἥ
438 243 474 307 Ι).
494 244 585 307 lUN.
608 244 876 308 lUVENALlS

378 561 427 657 o.
457 558 594 657 {oon
625 560 931 687 lovellus
997 570 1002 579 ·

496 732 816 823 ltUlNliis

280 888 1046 1006 stillicidii

441 1082 580 1147 closo
612 1039 865 1146 snocoous.

552 1259 761 1271 ----...

452 1413 862 1491 SATIRAVL

145 1513 262 1629 Credo
278 1567 463 1631 Pudicitiam
485 1570 618 1631 Saturno
638 1588 715 1650 rege
734 1575 883 1631 moratam

142 1653 179 1713 ln
198 1653 293 1712 terris
311 1653 467 1733 visamque
487 1653 558 1733 din,
579 1675 672 1735 quum
691 1652 805 1733 frigida
824 1672 933 1735 parvas

143 1736 316 1798 Praeberet
335 1736 483 1885 ququncr
503 1737 625 1817 domos,
646 1741 811 1818 ignemque
831 1736 989 1814 laremque

143 1822 186 1883 Et
206 1839 302 1903 pecus
324 1829 358 1882 et
400 1824 518 1885 ominos
540 1825 692 1887 communi
713 1821 875 1884 clauderet
894 1822 1018 1894 umbra;

144 1904 327 1967 Silvestrem
347 1914 490 1968 montana
508 1913 611 1968 torum
629 1928 722 1987 quum
743 1911 902 1968 sterneret
921 1924 998 1966 uxor
1156 1912 1175 1963 5

143 1987 321 2051 Frondibns
342 1995 375 2049 et
395 1989 495 2050 culmo
516 1992 747 2071 vicinarumque
767 1991 905 2051 ferarum

143 2071 300 2149 Pellibus,
320 2070 403 2133 haud
424 2072 532 2134 similia
552 2075 627 2152 tibi,
646 2074 798 2153 Cynthic,
818 2090 878 2133 nec
898 2074 973 2152 tibi,
995 2074 1080 2134 cuius

145 2156 298 2216 Turbarit
316 2155 433 2217 nitidos
455 2158 624 2218 exstinctus
645 2176 753 2238 passer
772 2155 906 2235 ocellos,

145 2237 209 2300 Sed
229 2237 364 2321 potanda
383 2235 492 2303 ferens
509 2241 679 2302 infantibus
699 2243 796 2302 ubera
816 2243 949 2320 magnis,

142 2323 186 2386 Et
205 2342 298 2405 saepe
317 2323 485 2387 horridior.
495 2324 639 2405 glandem
656 2332 797 2387 ructante
811 2327 930 2387 marito.
1139 2333 1174 2384 lo

144 2409 266 2490 Quippe
286 2407 378 2470 aliter
395 2416 469 2471 tunc
490 2412 567 2471 orbe
585 2430 664 2471 novo
686 2409 835 2490 coeloque
857 2408 986 2487 recenti

143 2492 297 2567 Vivebant
316 2494 473 2572 homines,
495 2496 549 2574 qui
568 2502 661 2575 rnpto
681 2496 795 2556 robore
813 2496 879 2556 nati

144 2576 377 2657 compositique
395 2576 461 2637 luto
481 2576 586 2638 nullos
605 2579 743 2639 habuere
762 2584 918 2661 parentes.

142 2658 245 2722 Multa
265 2659 432 2740 pudicitiae
451 2663 568 2722 veteris
587 2663 717 2741 vestigia
736 2663 843 2723 forsan

143 2745 207 2805 Aut
228 2741 329 2824 aliqua
349 2746 526 2806 exstiterint
546 2751 580 2806 et
599 2747 655 2807 sub
675 2746 763 2821 love;
782 2745 838 2806 sed
857 2745 927 2805 love
947 2742 1083 2805 nondum
1140 2751 1173 2806 15

143 2829 295 2906 Barbato,
314 2827 450 2892 nondum
471 2829 599 2893 Graecis
620 2832 724 2891 imore
746 2830 864 2912 paratis
1082 2843 1084 2847 ’

142 2913 206 2973 l’er
228 2919 320 2993 capnt
340 2912 486 2992 alterins,
507 2933 599 2994 quum
617 2915 719 2975 furem
740 2933 830 2975 nemo
853 2914 980 2974 timeret

144 2993 291 3056 caulibus
310 3003 363 3058 ant
380 3000 480 3078 pomis
500 3004 534 3059 et
553 3004 662 3080 aperto
682 2999 801 3060 viveret
820 2998 923 3057 horto.

142 3078 295 3141 Paulatim
316 3080 430 3147 deinde
452 3080 491 3142 ad
511 3102 641 3164 superos
661 3084 793 3144 Astraea
812 3080 945 3141 recessit

141 3166 210 3225 Huc
228 3166 357 3244 comite,
372 3172 465 3245 atque
486 3163 566 3227 dnae
586 3168 705 3248 pariter
724 3167 835 3246 ingere
850 3181 984 3225 sorores.
1138 3171 1176 3226 Ἃ)

142 3250 312 3329 Antiqnnm
332 3256 472 3310 etvetus
494 3255 543 3309 est
563 3248 711 3329 alienum,
730 3249 915 3327 Posthume,
935 3244 1051 3308 lectum

143 3333 319 3395 concutere
340 3339 433 3413 atque
451 3334 532 3395 sacri
553 3336 676 3414 genium
696 3339 895 3397 contemnere
915 3330 1016 3399 fulcri.

92 3480 94 3487 ,
143 3416 242 3478 Omne
264 3415 350 3479 alind
371 3418 489 3479 crimen
509 3437 580 3479 mox
599 3419 705 3480 ferrea
725 3414 856 3499 protulit
876 3424 976 3495 aetate

142 3498 299 3564 Viderunt
319 3501 436 3584 primos
457 3508 605 3580 argentea
625 3501 729 3565 secula
750 3501 904 3565 moechos.
