2542 3900
155 193 196 259 76
449 194 485 256 Ι).
507 195 599 257 IUN.
620 194 880 258 iuvencus

154 364 277 444 Hospes
299 371 332 426 ct
351 366 420 446 ipse
440 370 544 424 umen
564 361 746 440 contingens
765 365 912 442 sanguine
933 362 1068 426 coelum:

153 445 246 509 Alter
267 449 370 528 aquis,
389 447 469 509 alter
488 447 616 507 flammis
638 444 678 505 ad
695 444 799 506 sidera
816 449 935 511 missua.

153 529 286 591 Fercula
303 552 384 593 nunc
405 531 476 593 audi
495 528 589 590 nullis
610 535 718 590 ornata
736 529 882 592 macellis.

153 614 200 675 De
222 615 387 679 Tiburtino
406 615 746 694 veniebpinguissimm
768 633 841 694 agro

154 697 311 761 Haedulus
332 707 366 762 et
385 706 453 760 toto
474 717 568 778 grege
589 695 727 776 mollior,
749 700 865 760 inscius
885 700 1019 778 herbae,

152 782 291 844 Necdum
312 803 401 857 ausus
420 785 521 862 virgas
540 780 665 843 humilis
685 781 830 844 mordere
852 781 968 862 salicti,

154 867 214 944 Qui
234 866 305 949 plus
325 865 416 927 lactis
436 869 532 928 habet
553 886 642 946 quam
663 868 835 945 sauguinis,
857 873 890 927 et
909 868 1046 933 montani

153 952 319 1032 Asparagi,
340 952 442 1031 posito
466 971 542 1030 qnos
562 949 642 1029 legit
662 949 765 1011 villica
783 951 862 1012 fuso.

154 1034 290 1095 Grandia
310 1043 475 1117 praeterea
495 1042 640 1114 tortoque
660 1033 792 1095 calentia
812 1036 906 1095 foeno

154 1119 217 1179 Ova
236 1117 348 1181 adsunt
367 1122 443 1200 ipsis
463 1140 531 1180 cum
550 1120 699 1180 matribus
719 1125 753 1180 et
773 1125 912 1180 servatae

152 1203 246 1263 Parte
268 1205 353 1280 anni,
376 1202 481 1282 quales
500 1204 625 1263 fuerant
644 1203 679 1262 in
698 1205 826 1280 vitibus,
847 1222 940 1281 uvae,

153 1286 312 1364 Signinum
333 1287 516 1366 Syriumque
537 1287 653 1366 pirum,
676 1284 716 1347 dc
738 1289 882 1348 corbibus
901 1284 999 1348 isdem

150 1369 280 1433 Aemula
299 1372 423 1431 Picenis
446 1377 479 1430 et
500 1369 603 1430 odoris
625 1369 704 1430 mala
722 1372 876 1449 recentia,

150 1453 216 1514 Neo
237 1453 402 1515 metuenda
423 1456 497 1531 tibi,
519 1456 666 1514 siccatum
685 1454 803 1533 frigore
823 1463 985 1535 postquam

150 1538 337 1600 Autumnum
359 1546 393 1600 et
413 1538 501 1599 crudi
521 1556 654 1618 posuere
676 1537 815 1619 pericula
834 1542 925 1601 sncci.

150 1621 237 1682 Haec
259 1622 332 1684 olim
351 1625 451 1683 nostri
469 1625 530 1683 iam
549 1621 705 1685 luxuriosa
726 1630 850 1684 senatus

152 1706 257 1767 (leena
277 1707 346 1770 fnit.
392 1708 520 1786 Curius,
541 1727 634 1787 parvo
657 1725 736 1786 quae
754 1705 875 1785 legerat
895 1708 1004 1786 horto,

149 1790 220 1871 lpse
241 1791 320 1852 focis
341 1793 487 1852 brevibus
508 1790 643 1872 pollebat
662 1789 816 1869 oluscula,
838 1810 915 1870 quae
937 1810 1019 1853 nunc
1115 1826 1118 1833 ,

151 1873 316 1954 Squalidus
335 1878 369 1936 in
390 1895 498 1953 magna
519 1874 639 1935 fastidit
658 1874 807 1955 compede
827 1874 945 1952 fossor,

151 1958 211 2035 Qui
230 1961 385 2036 meminit,
407 1957 526 2019 calidae
548 1960 646 2037 sapiat
668 1958 742 2037 quid
758 1956 850 2018 vulva
870 1961 1012 2040 popinae.

150 2041 233 2101 Sicci
250 2049 339 2119 terga
360 2043 438 2118 suis,
458 2062 529 2101 rara
550 2040 718 2120 pendentia
739 2048 839 2119 crate,

148 2124 249 2185 Moris
269 2131 337 2184 erat
359 2123 510 2203 qnondam
530 2125 620 2184 festis
641 2143 766 2185 servare
788 2123 897 2187 diebus

148 2207 191 2270 Et
210 2207 385 2269 natalicium
407 2209 544 2288 cognatis
564 2225 682 2288 ponere
702 2207 840 2288 lardum,

148 2292 327 2354 decedente
346 2313 439 2371 nova,
461 2295 488 2353 si
509 2313 598 2373 quam
620 2291 711 2353 dabat
728 2295 846 2371 hostia,
869 2313 970 2355 carne.

149 2378 355 2456 Cognatorum
377 2376 504 2457 aliquis,
525 2376 618 2438 titulo
638 2384 689 2438 ter
711 2376 846 2438 consulis
867 2384 958 2458 atque

148 2462 326 2522 (lastrorum
345 2463 484 2541 imperiis
506 2469 539 2522 et
560 2461 719 2523 dictatoris
738 2464 857 2522 bonore

147 2544 301 2623 Functus,
323 2545 362 2606 ad
380 2547 435 2604 has
457 2543 563 2624 epulas
585 2542 678 2606 solito
698 2547 846 2607 maturius
867 2548 949 2625 ibat,

147 2629 294 2690 Erectum
315 2626 431 2689 domito
453 2629 596 2689 referens
618 2650 635 2687 a
656 2637 761 2690 monte
782 2628 926 2713 ligonem.

148 2712 247 2789 Quum
267 2719 440 2773 tremerent
461 2718 563 2773 autem
581 2713 695 2773 Fabios
716 2711 886 2794 durumque
908 2714 1058 2777 catonem

146 2796 189 2857 Et
209 2796 340 2857 Scauros
361 2803 394 2857 et
414 2796 575 2857 Fabricios
597 2795 752 2876 rigidique
773 2816 897 2859 severos

148 2881 295 2942 censoris
314 2900 418 2942 mores
439 2883 531 2942 etiam
552 2879 672 2959 collega
692 2883 836 2960 timeret,

145 2965 243 3033 Nemo
263 2967 347 3027 inter
368 2986 456 3026 curas
479 2971 511 3026 et
531 2967 613 3026 seria
635 2964 721 3028 duxit
742 2966 932 3045 habendum,

146 3049 251 3126 Qualis
271 3052 304 3110 in
326 3051 442 3111 Oceani
462 3051 559 3110 tinctu
579 3049 704 3112 testudo
725 3058 862 3128 nataret,

146 3133 270 3196 (ilerum
292 3134 478 3214 Troiugenis
497 3134 617 3195 factura
638 3154 674 3194 ac
694 3134 801 3197 nobile
822 3133 973 3209 fulcrum

146 3218 211 3279 Sed
231 3217 313 3279 undo
334 3217 434 3279 latere
457 3223 490 3279 et
509 3219 613 3297 parvis
631 3219 720 3281 froas
741 3238 832 3279 aerea
850 3217 943 3281 lectis

146 3301 218 3362 Vile
240 3304 379 3363 coronati
400 3307 493 3381 caput
511 3301 697 3363 ostendebat
717 3301 822 3381 aselli,

146 3383 197 3442 Ad
218 3385 300 3464 quod
320 3384 426 3446 lascivi
446 3382 598 3447 ludebant
618 3388 700 3447 ruris
721 3386 843 3449 alumni.

150 3466 243 3528 Tales
265 3488 340 3548 crgo
362 3470 442 3548 cibi,
465 3465 564 3548 qualis
586 3467 695 3530 domus
715 3475 807 3550 atque
829 3467 978 3554 supellex.
