2542 3900
174 212 217 278 06
473 212 509 274 l).
531 211 620 273 lUN.
642 212 905 275 IUVENALIS

175 379 342 444 mandaret
361 379 504 462 laqueum
525 378 721 459 mediumque
741 379 923 442 ostenderet
936 401 1082 462 unguem.

174 467 259 544 Ergo
281 483 468 547 supervacua
490 471 542 525 aut
560 465 736 544 peruiciosa
756 471 921 544 petuntur,

174 550 310 631 Propter
332 569 410 630 quae
430 551 478 610 fas
500 553 549 608 est
569 566 668 626 genua
687 549 829 609 incerare
850 549 988 610 deorum
1162 561 1194 614 55

220 633 374 710 Quosdam
393 634 578 715 praecipitat
598 632 736 692 subiecta
756 636 896 713 putentia
916 653 1042 713 maguae
1090 684 1093 693 ⁴

175 717 327 793 Invidiae3
347 718 462 796 mergit
480 716 571 794 leuga
592 722 684 794 atque
700 717 829 795 insignis
847 720 999 779 honorum

118 843 121 847 ›
174 801 306 880 Pagiua3
328 800 521 861 descendunt
541 807 659 860 statuae
677 807 854 881 restemque
869 809 1049 882 sequuntur.

175 886 260 965 Ipsus
280 884 394 946 deiude
412 892 496 945 rotas
517 886 656 963 bigarum
675 885 807 964 impacta
827 889 945 946 securis

177 970 289 1031 Caedit
310 976 343 1029 et
362 970 525 1030 immeritis
546 969 729 1047 franguntur
747 989 838 1030 erura
857 968 994 1031 caballis.
1162 979 1194 1033 60

174 1055 235 1114 Iam
258 1052 393 1114 stridunt
413 1055 515 1132 ignes,
537 1054 598 1113 iam
617 1052 742 1113 follibus
763 1059 854 1133 atque
872 1055 997 1115 caminis
1132 1078 1135 1084 <

174 1136 277 1198 Ardet
297 1137 457 1198 adoratum
476 1134 592 1218 populo
615 1144 706 1218 eaput
727 1144 760 1197 et
781 1146 888 1220 erepat
907 1142 1016 1218 iugens

175 1222 321 1282 Seianus:
343 1221 458 1282 deiude
481 1240 518 1281 ex
539 1221 619 1280 faeie
640 1227 707 1281 totu
730 1223 807 1283 orbe
829 1223 964 1283 secunda

147 1370 155 1383 x
173 1306 270 1367 Fiunt
290 1303 425 1383 urceoli,
446 1304 572 1386 pelves,
593 1311 731 1383 sartago,
753 1306 898 1386 patellae.

173 1389 260 1450 Pone
282 1388 364 1451 domi
384 1388 505 1467 laurus,
527 1387 586 1447 due
606 1389 639 1447 iu
661 1388 814 1469 Capitolia
834 1410 975 1469 maguum
1163 1397 1196 1452 55

174 1474 539 1552 ὒιοῐιιῐιιιιιιιιιο’1)οιειιιε
562 1472 689 1533 Seianus
712 1472 835 1533 ducitur
854 1494 933 1535 unes

174 1557 383 1639 Spectandum
405 1558 539 1638 gaudent
560 1575 674 1620 omnes.
718 1558 803 1634 Quae
824 1556 926 1619 labra!
948 1555 1086 1639 quirilli

172 1640 286 1705 Vultus
309 1642 392 1703 erat!
413 1661 593 1721 numquam,
615 1643 642 1701 si
664 1640 737 1719 quid
757 1643 833 1703 mihi
852 1642 971 1721 eredis,
994 1643 1090 1702 amavi

171 1727 263 1788 Hune
283 1728 454 1802 huminem
476 1726 533 1787 sed
554 1745 614 1805 quo
637 1724 750 1786 cecidit
768 1729 823 1787 sub
847 1726 998 1787 erimine?
1020 1727 1158 1804 quisnam

171 1811 325 1874 Delatur‘?
347 1813 456 1891 quibus
477 1810 647 1888 indicibus,
669 1830 729 1889 quo
748 1815 830 1871 teste
851 1810 1014 1892 probavit?
1166 1818 1200 1874 70

171 1896 225 1959 Nil
245 1898 370 1957 horum:
392 1897 522 1955 verbosa
544 1900 583 1971 et,
599 1894 723 1972 grandis
744 1894 876 1975 epistula
897 1896 982 1955 veuit
1238 1904 1240 1907 ’

171 1983 208 2055 ΑΙ
221 1981 359 2059 Capreis.
402 1980 490 2038 Bene
509 1979 621 2052 habet3
643 1976 689 2037 nil
707 1978 776 2058 plus
797 1982 966 2058 interrogo.
1010 1978 1074 2039 Sed
1095 1976 1173 2057 quid

173 2065 280 2125 Turba
298 2063 458 2122 tremens?
501 2061 648 2139 Sequitur
669 2062 838 2141 fortunam,
860 2071 894 2123 ut
915 2082 1052 2144 semper,
1074 2071 1107 2121 et
1130 2061 1203 2135 odit

170 2149 345 2208 Damnatus.
389 2143 638 2226 menaporum,
660 2146 687 2205 si
706 2145 818 2207 Nursia
840 2147 942 2208 Tusco

170 2233 327 2309 Favisset,
349 2233 376 2292 si
397 2248 545 2312 oppressa
567 2230 651 2289 foret
672 2247 780 2291 seeura
802 2239 946 2293 senectus
1167 2239 1201 2295 75

169 2317 341 2396 Principis,
361 2318 419 2376 hac
439 2317 506 2396 ipsa
527 2314 671 2377 Seianum
690 2313 811 2376 diceret
830 2317 908 2377 hora

169 2403 349 2479 Augustum.
393 2399 610 2480 Iampridem,
632 2418 670 2460 ex
692 2420 751 2478 quo
774 2400 918 2479 suffragia
938 2397 1018 2459 nulli
1095 2464 1099 2469 ,

169 2484 355 2560 vendimus,
378 2484 488 2562 effugit
509 2503 614 2557 euras;
633 2503 703 2543 nam
725 2486 778 2563 qui
798 2484 889 2545 dabat
912 2483 984 2544 olim

170 2568 349 2647 Imperium,
369 2567 487 2644 fasces,
505 2564 664 2645 legiones,
686 2570 809 2646 emnia,
824 2588 905 2628 nune
925 2586 959 2628 se

170 2652 319 2712 Continet
338 2656 431 2730 atque
453 2648 527 2711 duas
548 2657 667 2710 tautum
687 2670 739 2711 res
759 2654 864 2713 anxius
886 2657 988 2733 optat,
1169 2659 1204 2714 80

168 2736 283 2796 Panem
304 2741 337 2795 et
356 2737 520 2796 circenses.
563 2734 724 2795 Perituros
746 2735 835 2797 audio
858 2734 981 2797 multos.

166 2818 219 2881 Nil
241 2818 381 2898 dubium,
402 2839 509 2899 magua
529 2817 962 2902 estfornaeulaspallidulus
983 2820 1025 2879 mi

166 2902 326 2965 Brutidius
344 2923 429 2967 meus
452 2903 490 2964 ad
511 2905 622 2965 Martis
642 2904 703 2963 fuit
720 2906 826 2966 obvius
847 2926 939 2968 aram.

168 2989 265 3064 Quam
283 2991 394 3066 timeo,
415 2992 512 3050 vietus
534 3007 574 3049 ne
593 3007 710 3069 poenas
732 2991 849 3068 exigat,
869 2990 947 3049 Aiax
1032 3020 1037 3029 ι

166 3072 210 3134 Ut
230 3071 309 3159 prule
332 3071 491 3134 defensus!
513 3092 669 3135 curramus
688 3075 876 3154 praecipites
898 3080 946 3151 et,
976 3066 986 3087 ⁶
1171 3079 1208 3134 85

164 3157 245 3217 Dum
263 3159 346 3218 iacet
363 3159 396 3218 iu
416 3160 499 3238 ripa,
521 3156 671 3218 calcemus
694 3157 835 3218 Caesaris
855 3159 986 3218 hostem.

165 3240 230 3303 Sed
250 3240 374 3301 rideant
395 3243 503 3318 serri,·
515 3258 556 3300 ue
578 3243 645 3320 quis
666 3249 760 3319 neget
780 3248 813 3302 et
832 3242 974 3321 pavidum
994 3240 1095 3302 iuius

165 3326 296 3386 Cerviee
317 3322 465 3385 adstricta
486 3321 641 3386 domiuum
660 3325 771 3385 trahat.
815 3325 857 3385 Hi
879 3342 1038 3387 sermones

166 3408 255 3468 Tune
277 3407 316 3469 de
339 3408 467 3486 Seiano,
488 3415 610 3469 secreta
629 3412 705 3469 haec
726 3428 880 3471 murmura
899 3408 989 3489 vulgi.

164 3490 261 3555 Visne
282 3492 409 3554 salutari
431 3493 510 3553 sieut
531 3492 682 3555 Seianus?
702 3494 819 3555 habere
1171 3499 1208 3555 9⁰
