2542 3900
465 252 666 316 SATlRA
693 252 730 316 Χ,

85 427 170 489 llaec
190 424 262 487 data
283 440 385 503 poena
407 420 460 481 diu
480 423 668 501 viventibus,
686 428 722 482 ut
740 428 887 483 renovata

86 511 214 592 Semper
236 505 327 569 clade
341 504 471 583 domus,
492 498 595 565 multis
616 508 650 565 in
669 504 803 566 luctibus
823 508 917 585 inque

60 658 63 662 ,
84 595 241 677 Perpetuo
263 608 405 651 moerore
426 595 460 649 et
478 590 566 668 nigra
585 596 673 649 veste
694 597 865 652 senescant.
1058 601 1111 655 iit

83 679 149 740 Rea
170 675 293 757 Pylius,
312 694 419 753 magno
442 675 469 733 si
491 673 655 753 quidquam
677 674 779 735 credis
797 676 951 753 Homero,

83 760 363 842 Exemplum'ritae
384 759 482 818 fuito
503 760 627 818 cornice
648 758 811 822 secundae.

84 845 175 906 Febr
195 846 354 922 nimirum,
378 844 431 923 qui
450 826 499 902 tit
518 860 576 922 per
596 840 703 902 secula
721 851 853 904 mortem

86 927 218 989 Distulit
233 935 324 1007 atque
347 946 419 989 suos
438 929 498 987 iam
520 925 628 987 dextra
649 934 805 1008 computat
827 948 940 1006 annos,

86 1014 204 1092 Quique
223 1032 333 1073 novum
354 1013 449 1072 toties
469 1017 601 1071 mustum
623 1012 710 1073 bibit.
755 1012 837 1090 Oro,
858 1030 1023 1094 parumper
1056 1021 1110 1074 sto

84 1095 250 1175 Attendas,
273 1092 419 1175 quantum
441 1094 481 1155 de
501 1093 624 1172 legibus
643 1097 712 1176 ipae
734 1103 882 1175 queratur

82 1182 228 1243 Fatorum
249 1187 282 1241 et
302 1182 397 1240 nimio
418 1178 458 1239 de
479 1180 625 1258 stamine,
647 1199 739 1260 quum
759 1179 844 1240 videt
864 1183 944 1241 acris

81 1265 239 1325 Antilochi
259 1266 386 1325 barbam
408 1262 584 1338 ardentem;
603 1282 673 1323 nam
695 1267 816 1344 quaerit
837 1267 874 1327 ab
896 1267 978 1326 omni

81 1350 226 1429 Quisquis
248 1347 337 1408 adest
358 1349 457 1426 socio,
480 1369 535 1408 cur
555 1349 633 1408 baec
650 1350 684 1407 in
704 1357 845 1429 temporo
866 1348 981 1428 duret,

81 1433 172 1510 Quod
191 1434 310 1494 facinus
331 1431 456 1510 dignum
476 1439 538 1492 tam
559 1432 651 1511 longo
673 1430 833 1493 admiserit
854 1434 950 1494 aevo?
1056 1442 1108 1497 255

8 1514 9 1537 l
79 1518 165 1578 llaec
186 1517 295 1580 eadem
314 1514 445 1596 Peleus,
466 1524 588 1597 raptum
606 1536 699 1595 quum
717 1514 807 1596 luget
824 1517 995 1598 Achillem,

79 1603 183 1682 Atque
205 1599 300 1679 alius,
322 1600 438 1661 cullas
459 1600 595 1661 ithacum
613 1597 724 1679 lugere
745 1607 909 1663 natantem.

77 1685 228 1746 Incolumi
246 1685 342 1745 Troia
360 1685 499 1746 Priamus
519 1686 656 1745 uenisset
678 1684 717 1744 ad
737 1687 860 1745 umbras

25 1841 28 1849 ι
79 1770 224 1829 Assaraci
239 1771 356 1847 magnis
376 1769 579 1847 solemnibus,
600 1769 738 1830 Hectore
760 1769 851 1829 funus

78 1854 231 1917 Portunte
252 1873 287 1913 ac
307 1852 435 1933 reliquis
456 1854 588 1913 fratrum
609 1854 780 1913 cervicibus
799 1854 883 1913 inter
1054 1861 1108 1915 ibt)

32 1966 42 1989 x
78 1935 222 1998 llliadum
241 1935 400 2016 lacrimas,
419 1944 454 1997 ut
474 1939 590 2018 primos
613 1936 710 1997 edere
731 1935 873 2018 planctus

79 2019 252 2081 Cassandra
271 2022 425 2102 inciperet
445 2023 600 2102 scissaque
621 2020 778 2102 Polyxena
797 2020 894 2102 palla,

78 2105 113 2165 Si
132 2104 217 2166 foret
239 2107 408 2166 exstinctus
431 2105 552 2166 diverso
573 2115 732 2188 tempore,
751 2126 811 2187 quo
832 2107 893 2166 iam

78 2189 235 2269 Coeperat
256 2188 386 2250 audaces
407 2190 495 2250 Paris
514 2190 679 2253 aedificare
701 2193 829 2252 carinas.

78 2272 187 2351 Longa
207 2272 273 2334 dies
292 2276 387 2353 igitur
408 2274 483 2353 quid
504 2276 660 2336 contulit?
683 2276 784 2334 omnia
803 2273 881 2334 vidit
1053 2282 1105 2335 iou

9 2404 10 2413 ,
78 2356 198 2416 Eversa
218 2359 398 2418 et'flammis
420 2359 523 2419 Asiam
543 2360 692 2437 ferroque
714 2355 885 2419 cadentem.

80 2439 171 2500 'Puuc
191 2440 278 2502 miles
300 2441 449 2502 tremulus
470 2444 571 2523 posita
592 2442 664 2502 tulit
684 2461 768 2500 arma
787 2442 866 2500 tiara

77 2524 120 2585 Et
140 2525 204 2585 ruit
224 2533 295 2586 aute
316 2545 399 2585 aram
421 2527 529 2586 summi
550 2526 644 2605 loris,
664 2532 699 2584 ut
719 2524 839 2585 vetulus
858 2527 930 2603 bos,

77 2608 138 2684 Qui
158 2606 273 2668 domini
293 2609 400 2670 cultris
418 2617 513 2671 tenue
535 2617 568 2671 et
589 2608 765 2670 miserabile
788 2608 902 2670 collum

76 2691 229 2770 Praebet,
251 2693 288 2754 ab
308 2694 429 2772 ingrato
450 2695 510 2754 iam
530 2694 688 2755 fastiditus
710 2700 822 2756 aratro.
1052 2701 1105 2757 ito

74 2776 186 2836 Exitus
206 2775 263 2836 ille
283 2783 447 2857 utcumque
468 2779 619 2857 hominis,
641 2777 699 2839 sed
716 2785 804 2838 torva
825 2779 933 2839 canino

75 2859 216 2920 Latravit
236 2861 333 2938 rictu,
356 2880 434 2941 quae
454 2869 526 2942 post
546 2864 628 2923 huuc
648 2865 783 2939 uixerat,
804 2881 890 2925 uror.

74 2942 206 3004 Festino
228 2942 409 3007 adnostros
431 2951 464 3005 et
483 2964 589 3025 regem
608 2954 733 3006 transeo
755 2946 848 3005 Ponti

74 3027 117 3088 Et
138 3027 304 3105 Croesum,
328 3048 419 3107 quem
436 3048 495 3089 vox
513 3030 587 3090 iusti
605 3030 737 3092 facunda
758 3028 881 3090 Solonis

73 3110 245 3192 Respicere
268 3111 306 3173 ad
326 3112 438 3194 longae
458 3115 550 3176 iussit
571 3116 669 3195 spatia
689 3113 797 3176 ultima
816 3115 906 3174 vitae.
1051 3121 1103 3177 itt
1150 3165 1153 3170 .

72 3193 225 3256 Exsilium
246 3203 279 3256 et
298 3216 405 3259 carcer
426 3200 716 3278 Minturnarumque
734 3197 862 3279 paludes

72 3279 115 3340 Et
136 3279 328 3340 mendicatus
348 3284 430 3344 victa
451 3283 639 3362 Cartbagine
656 3284 746 3364 panis

72 3363 157 3423 Hinc
181 3384 287 3424 causas
307 3365 455 3430 habuere.
500 3365 582 3443 Quid
599 3365 656 3426 illo
676 3369 742 3427 cive
761 3366 885 3426 tulisset

71 3446 190 3508 Natura
208 3449 242 3508 iu
262 3450 375 3527 terris,
399 3450 473 3529 quid
492 3452 589 3511 Roma
610 3453 730 3511 beatius
749 3469 907 3527 umquam,

72 3530 107 3591 Si
128 3530 339 3594 circumducto
361 3535 549 3615 captivorum
571 3537 690 3614 agmine
713 3540 746 3593 et
767 3534 850 3592 omni
1051 3538 1105 3594 Μ
1260 3596 1263 3675 1,
