2530 3900
140 252 181 316 16
439 253 475 315 l).
497 254 587 317 IUN.
609 252 871 316 winusus

137 422 252 483 Lectus
274 426 341 481 erat
363 419 467 487 Codro
488 419 621 481 Procula
638 421 756 498 minor,
777 419 896 481 urceoli
916 439 986 497 sex,

140 506 360 566 Ornamentum
381 506 481 581 abaci,
502 523 561 565 nee
581 524 646 565 non
664 510 696 564 et
716 503 859 584 parvulus
880 505 962 564 inira

127 590 312 650 ¹(lantherus
333 595 366 649 et
387 591 537 649 recubans
558 591 613 649 suh
636 587 745 649 eodem
766 607 918 651 marmore
941 589 1074 661 Chirou3
1114 597 1167 650 205

8 684 9 707 ²
138 674 262 753 Iamque
282 680 371 734 vetus
390 673 526 734 Graecos
548 674 690 733 serrsbst
710 674 786 732 cista
804 671 946 749 libellos,

8 784 9 837 }
139 759 181 819 Et
203 756 304 817 divina
324 754 406 837 opici
426 755 578 818 rodebant
600 759 733 817 earmina
750 775 862 817 mures.

8 840 9 887 ἶ
138 838 192 903 ΝΠ
210 843 318 902 habuit
338 838 478 915 Gedrus3
500 844 568 921 qais
589 843 671 901 enim
693 842 807 919 negat?
828 848 984 900 ettamen
1002 838 1079 900 illud

138 925 283 986 Perdidit
302 924 411 984 infelix
431 931 531 986 totum
551 925 646 985 nihil:
667 924 792 985 ultimus
814 932 915 989 autem

138 1011 313 1070 Aerumnse
335 1009 488 1087 cumulus,
512 1008 594 1088 quod
611 1007 726 1069 nudum
748 1015 781 1069 et
800 1010 917 1069 frustra
936 1013 1095 1085 rogantem
1115 1014 1169 1069 210

138 1093 236 1154 Nemo
259 1094 345 1170 cibo,
367 1112 456 1154 nemo
477 1095 614 1175 hospitio
635 1100 782 1172 tectoque
802 1094 927 1153 iuvabit.

88 1234 92 1241 .
139 1177 174 1237 Si
194 1195 301 1255 magna
321 1175 458 1237 Asturici
477 1177 591 1238 cecidit
612 1177 734 1238 domus:
752 1176 880 1237 horrida
901 1181 1015 1252 meter,

137 1259 254 1321 Pullati
274 1279 438 1340 proceres,
460 1260 569 1321 differt
588 1261 760 1320 vadimonia
781 1266 923 1340 praetor3

140 1345 229 1404 Tune
248 1346 394 1423 gemimus
416 1346 625 1422 sunamitis,
645 1351 719 1405 tune
738 1343 856 1404 odimus
876 1345 988 1421 ignem.
1091 1394 1096 1397 .

138 1426 240 1489 Ardet
260 1428 375 1507 adhue,
398 1437 431 1489 et
451 1430 512 1489 iam
534 1430 688 1506 occurrit,
710 1431 762 1508 qni
781 1447 932 1488 marmora
954 1425 1065 1504 donet,
1115 1435 1168 1489 215

140 1513 290 1573 Conferat
309 1514 477 1593 impensas:
513 1513 574 1573 Hie
595 1513 677 1573 nuda
698 1520 730 1573 et
752 1511 881 1572 eandida
902 1513 1003 1588 sigua,

137 1597 199 1657 Hie
218 1595 334 1674 aliquid
352 1597 544 1677 praeclarum
564 1598 776 1677 Euphranoris
798 1602 831 1656 et
850 1593 1022 1674 Polycleti,

138 1681 415 1741 Phaecasianorum
436 1688 543 1742 vetera
564 1687 743 1742 ornamenta
766 1680 911 1756 deorum,

138 1766 199 1825 llio
219 1762 318 1825 libros
339 1763 424 1826 dabit
445 1772 478 1826 et
498 1763 616 1826 forulos
638 1766 830 1845 mediumque
852 1765 1041 1841 Minervam,

138 1850 199 1909 Hie
218 1848 353 1910 modium
372 1851 509 1929 argenti;
530 1849 660 1910 meliora
681 1871 715 1910 ac
731 1849 821 1930 plura
842 1848 966 1928 reponit
1038 1880 1041 1885 <
1116 1853 1170 1906 220
1206 1891 1212 1909 .

138 1933 283 1994 Persicus
305 1935 451 1993 orborum
471 1932 659 1994 lautissimus
681 1941 714 1994 et
733 1936 844 1993 merito
866 1935 927 1992 ism

140 2017 328 2097 Suspectum
345 2023 500 2096 tamquam
520 2019 587 2096 ipse
610 2036 679 2077 suas
701 2012 877 2085 iflenderit
899 2014 1002 2076 aedes.

140 2100 175 2160 si
194 2105 285 2180 potes
308 2099 399 2160 avelli
421 2102 636 2179 Circensibus,
659 2102 773 2180 optima
796 2100 891 2160 Sorae

139 2185 203 2244 Aut
223 2184 423 2244 Fabrateriae
445 2183 552 2247 domus
575 2192 626 2244 aut
645 2185 819 2245 Frusinone
839 2190 981 2264 paratur,
1079 2229 1087 2236 .

140 2269 253 2344 Quanti
274 2287 356 2328 nune
376 2270 522 2329 tenebras
543 2288 635 2329 unum
656 2267 801 2328 conducis
821 2270 854 2327 in
876 2287 994 2328 annum.
1039 2289 1045 2298 ·
1118 2276 1169 2330 225

138 2351 292 2413 Hortalus
313 2353 365 2413 hie
385 2359 559 2434 puteusque
580 2355 683 2414 brevis
704 2372 763 2412 nec
784 2359 869 2413 reste
891 2348 1057 2412 movendus

139 2438 175 2497 ln
192 2443 303 2497 tenues
324 2437 443 2517 plantas
464 2436 551 2497 fusili
572 2436 755 2499 diffunditur
775 2439 895 2499 haustu.
1040 2432 1044 2438 ’

139 2521 217 2582 Vive
238 2520 375 2580 bidentis
396 2541 498 2580 amans
519 2527 552 2581 et
574 2521 651 2582 culti
671 2521 791 2583 villicus
811 2524 912 2599 horti,

139 2602 231 2663 Unde
254 2601 379 2682 epulum
399 2606 499 2683 possis
520 2610 645 2665 eentum
666 2606 741 2666 dare
761 2606 974 2686 Pythagoreis.

139 2688 197 2747 Est
219 2685 350 2765 aliquid,
373 2706 563 2766 quocumque
584 2687 672 2766 loco,
695 2708 884 2769 quorumque
905 2705 1048 2767 recessu,
1118 2698 1173 2753 200

139 2770 238 2830 Unius
258 2788 327 2830 sese
349 2771 505 2832 dominum
525 2774 638 2834 fecisse
659 2773 805 2836 lacertae.

179 2854 333 2914 Plurimus
353 2857 405 2916 hic
427 2876 520 2936 aeger
541 2859 673 2918 moritur
692 2857 865 2937 vigilaud03
886 2855 943 2918 sed
962 2855 1049 2919 illum
1132 2882 1142 2895 ¹

138 2938 333 3016 Languorem
354 2943 480 3021 peperit
500 2943 586 3002 cibus
607 2942 809 3022 imperfectus
831 2949 864 3002 et
884 2943 1016 3002 haerens

139 3020 274 3084 Ardenti
295 3026 467 3099 stomaeh03
489 3046 560 3086 nam
582 3045 660 3104 quae
680 3029 839 3088 meritorie
860 3045 1014 3088 somnum·
1255 3052 1256 3095 ι

139 3106 338 3168 Admittunt?
355 3111 472 3187 magnis
492 3112 600 3190 opibus
622 3110 772 3173 dormitur
792 3114 826 3171 in
843 3112 931 3171 urhe.
1119 3118 1174 3172 235

138 3191 216 3253 lude
236 3194 465 3271 caputmorb13
487 3194 632 3256 redarum
653 3197 800 3256 transitus
822 3201 907 3254 areto
988 3254 992 3258 ,
1255 3182 1256 3221 ³

139 3276 288 3337 Virorum
308 3277 424 3338 inflexu
445 3286 479 3339 et
498 3281 607 3339 stantis
629 3281 765 3340 senaida
785 3278 931 3339 mandrae

139 3360 284 3439 diripient
303 3379 442 3422 somnum
459 3363 560 3423 Druso
580 3363 745 3444 vitulisque
766 3364 901 3425 marinis.
1014 3392 1018 3401 =

141 3441 176 3501 Si
196 3451 285 3504 voert
306 3445 457 3525 officium,
478 3448 570 3507 turba
591 3446 723 3508 sedente
742 3449 873 3508 vehetur

141 3525 233 3587 Dives
255 3534 288 3588 et
308 3531 429 3609 ingenti
451 3537 557 3591 curret
577 3551 672 3612 super
694 3552 747 3592 ora
766 3533 920 3612 Liburno,
1120 3537 1175 3593 200
