2542 3900
151 223 192 289 88
448 223 484 286 Ι).
506 222 597 286 IUN.
619 222 878 285 IUVENALIS

150 393 237 453 Haec
259 398 352 471 quota
370 410 442 472 para
462 390 633 468 scelerum,
654 407 732 468 quae
752 395 855 450 cuatus
876 387 1015 479 Gallieqa
1034 392 1120 452 urbia

150 477 257 555 Usque
277 496 295 536 a
313 476 460 554 lucifero,
482 474 580 535 donee
600 471 654 533 lux
674 472 807 550 occidat,
829 473 935 535 audit?

151 561 283 620 Humani
302 560 426 638 generis
446 576 547 618 mores
567 558 626 618 tibi
643 576 735 617 111111
751 556 870 618 volenti

152 644 286 707 Sufficit
295 662 355 702 nna
374 642 497 716 domus3
518 660 631 721 paucos
652 659 796 703 coumme
817 639 901 718 dies,
922 648 956 701 et
1120 649 1176 705 161

150 727 263 788 Dicere
285 733 318 787 te
338 728 498 803 miserum,
519 731 681 805 postquam
701 723 789 784 illiue
809 726 946 800 veneris,
968 722 1056 787 aude.
1162 738 1166 747 '

151 813 227 890 Quis
247 809 395 871 tumidum
417 815 521 888 guttur
540 810 669 868 mlratur
688 809 720 868 iu
739 807 891 889 Alpibus?
911 815 963 868 aut
983 810 1052 888 quis

150 897 185 956 lu
203 894 313 955 Meroe
334 912 436 953 crasso
458 894 604 953 maiorem
623 892 741 952 infante
763 891 945 953 mamillam?

151 975 284 1040 Caerula
305 977 372 1054 quis
394 978 511 1056 stupuit
529 977 675 1037 Germani
696 974 826 1054 lumina,
846 976 953 1037 flavam

19 1114 25 1133 ι
151 1062 327 1123 caesariem
348 1066 381 1120 et
401 1059 524 1120 madido
543 1066 741 1139 torquentem
762 1079 875 1120 cornua
898 1060 1003 1121 cirro‘t
1121 1071 1175 1125 161
1262 1110 1264 1139 ,

149 1147 268 1224 Nempe
291 1143 373 1223 quod
394 1146 471 1204 baec
491 1142 555 1204 illia
575 1150 684 1204 natura
705 1150 754 1204 est
775 1145 914 1204 omnibus
934 1163 1001 1204 une

149 1227 201 1289 Ad
222 1230 337 1289 subitas
359 1227 513 1287 Thracum
532 1226 673 1287 volucres
692 1229 866 1306 nubemque
888 1247 1029 1288 sonoram

150 1314 320 1391 Pygmaeus
340 1312 442 1390 parvis
464 1311 561 1370 currit
581 1309 746 1370 bellator
736 1330 769 1371 ιιι
791 1312 899 1389 umis,

149 1397 225 1458 Mox
245 1397 342 1474 impar
363 1395 446 1454 laosti
467 1399 634 1474 raptusque
653 1412 711 1474 per
732 1413 804 1454 aera
825 1396 924 1454 curvis

149 1480 308 1558 Unguibus
329 1498 347 1537 a
365 1496 454 1539 saeva
471 1478 574 1537 fertur
594 1495 678 1556 grue.
721 1477 756 1538 Si
775 1477 879 1538 videas
897 1480 957 1538 hoc
1118 1485 1177 1544 170,

151 1563 303 1623 Gentibus
323 1563 355 1621 in
376 1563 506 1639 nostris,
526 1563 592 1622 risu
614 1562 771 1640 quatiere;
791 1561 848 1622 sed
867 1559 951 1640 illic,

149 1648 337 1724 Quamquam
358 1644 467 1706 eadem
488 1646 609 1706 assidue
630 1651 810 1726 spectentur
830 1645 964 1725 proelia,
984 1643 1067 1705 ridet

148 1732 263 1806 Nemo,
283 1731 337 1790 ubi
357 1734 423 1789 tota
445 1731 555 1789 cohors
575 1728 657 1809 pede
677 1749 739 1789 non
759 1736 808 1789 est
827 1728 920 1790 altior
938 1749 1008 1791 uno.

189 1812 321 1874 Nullane
342 1815 462 1893 periuri
481 1814 589 1892 capitis
607 1812 786 1894 fraudisque
804 1812 956 1883 nefandae

149 1898 254 1959 Poena
275 1897 358 1957 erit?
377 1898 538 1975 abreptum
559 1895 653 1957 crede
674 1897 755 1956 ianne
776 1899 915 1976 graviore
937 1901 1044 1957 catena
1121 1904 1174 1960 171

148 1984 295 2043 Protinus
315 1986 349 2040 et
368 1987 475 2040 nostro
498 1974 595 2063 (quid
613 1980 681 2059 plus
701 1979 779 2041 velit
797 1976 888 2067 1111)
909 1981 1016 2041 necari

148 2066 306 2134 Arbitri03
326 2069 430 2122 manet
449 2062 507 2122 illa
525 2071 628 2123 tamen
648 2065 781 2141 iactura,
801 2083 860 2124 nec
879 2083 1021 2144 umquam

147 2148 329 2227 Depositum
350 2146 407 2205 tibi
427 2163 533 2224 sospes
553 2148 630 2223 erit,
652 2145 709 2207 sed
729 2165 860 2228 corpore
881 2154 991 2209 trunco

148 2230 301 2309 lupidiosa
321 2229 407 2290 dabit
427 2230 568 2290 minimus
589 2228 699 2290 solatia
719 2233 877 2332 aaqguis3

148 2317 192 2381 At
212 2313 347 2375 vindicta
368 2315 480 2374 bouum
501 2314 563 2375 vita
580 2314 773 2375 iucundius
763 2333 837 2396 ipsa
1121 2323 1177 2378 18⁰

147 2401 267 2481 Nempe
287 2401 346 2459 lroc
367 2397 502 2476 indocti,
524 2419 653 2478 quorum
673 2399 855 2479 praecordia
873 2397 969 2459 nullis

148 2468 306 2545 Interdum
328 2489 379 2541 aut
399 2480 518 2541 levibus
538 2481 642 2543 videas
662 2484 822 2562 flagrantia
844 2486 958 2544 causis:

150 2565 433 2643 Quantulacumque
455 2564 531 2624 adeo
553 2572 602 2625 est
623 2569 759 2646 occasio,
780 2568 922 2627 suffieit
912 2586 988 2631 nae

149 2651 340 2728 Chrysippus
359 2667 422 2707 nou
443 2646 527 2708 dicet
545 2648 629 2709 idem
648 2669 707 2710 nec
726 2652 801 2710 mite
822 2649 964 2712 Thaletis

147 2733 306 2811 Ingenium
327 2729 471 2811 dulcique
491 2750 585 2793 senex
605 2734 722 2795 vicinus
742 2735 907 2813 Hymetto,
1122 2745 1177 2799 185

148 2817 210 2893 Qui
229 2821 349 2897 partem
370 2821 514 2896 acceptae
530 2834 619 2878 saeva
639 2818 722 2878 iuter
742 2819 842 2879 vincla
860 2820 978 2879 cicutae
1260 2834 1261 2887 i

147 2900 330 2961 Accusatori
346 2898 445 2961 nollet
466 2898 550 2963 dare.
592 2901 727 2962 Plurima
747 2901 824 2964 felix
1260 2904 1261 2923 ¹

146 2982 299 3045 Paulatim
318 2985 393 3044 uitia
413 2990 505 3063 atque
527 3003 651 3045 errores
671 2987 756 3046 exuit
775 3004 897 3086 omues,

146 3068 253 3128 Prima
272 3067 387 3128 doeens
407 3074 546 3148 rectum,
566 3064 731 3148 sapientia3
755 3071 868 3150 quippe
888 3071 1061 3135 minuti.

148 3153 279 3232 Semper
299 3159 333 3211 et
353 3152 468 3211 intirmi
488 3158 538 3212 est
557 3155 650 3213 animi
671 3153 833 3232 exiguique
855 3144 994 3236 voluptas
1121 3162 1180 3218 19⁰
1259 3226 1260 3233 q

146 3236 251 3298 Ultio·
274 3236 418 3295 continuo
438 3235 484 3294 sie
503 3234 630 3315 collige,
652 3236 734 3316 quod
752 3235 887 3299 vindicta

147 3319 245 3380 Nemo
265 3320 361 3396 magis
382 3316 511 3396 gaudet,
534 3339 623 3397 quam
642 3321 765 3382 femina.
809 3321 872 3383 (ior
891 3329 995 3385 tamen
1015 3324 1073 3383 boa
1093 3329 1132 3384 tu

147 3403 290 3463 Evasisae
310 3408 417 3482 putes,
437 3420 513 3479 quos
535 3402 595 3462 diri
616 3405 737 3464 conscia
756 3404 831 3463 iacti

146 3486 239 3547 Mens
259 3487 355 3547 babet
375 3485 523 3546 attonitos
544 3492 578 3548 et
597 3486 691 3547 surdo
712 3489 845 3549 verbere
865 3488 969 3550 caedit
