2542 3900
486 224 682 286 sanius
709 225 787 289 xiv.
1107 231 1150 297 Β

126 395 238 474 Fregit
260 411 353 474 opes3
374 409 433 452 nec
453 413 547 473 parua
566 400 671 454 tamen
690 412 833 454 mensura
851 392 981 455 relictae

126 480 228 540 Partis
251 486 332 537 erat:
353 482 448 536 totam
467 478 545 537 hauc
564 477 700 537 turbavit
718 476 800 537 filius
819 496 939 556 mens,

126 563 206 624 Dum
227 559 358 621 meliore
376 580 469 620 novas
491 559 609 621 attollit
627 579 780 621 marmore
798 560 900 622 villas·
1114 574 1148 629 05

170 644 301 722 Quidam
320 646 423 705 sortiti
442 651 632 705 metuentem
653 646 779 706 sabbata
798 652 934 727 patrem,

126 728 180 791 Nil
200 735 327 810 praeter
349 730 446 788 nubea
469 735 502 788 et
522 728 604 789 coeli
624 746 737 789 numen
758 729 902 807 adorant,

125 814 201 881 Nec,
216 813 332 873 distare
352 818 462 892 putant
482 814 613 873 bumana
634 832 725 872 carue
747 812 883 892 suillam,

126 899 194 975 Qua
213 904 303 978 pater
325 898 487 974 abstinuit,
508 916 578 956 mox
598 902 631 955 et
650 898 811 977 praeputia
832 903 969 983 ponunt„

124 982 277 1043 Romanas
299 987 399 1042 autem
420 978 506 1041 soliti
526 986 722 1041 contemnere
740 979 845 1059 leges,
862 1052 865 1056 ¹
1096 992 1148 1046 100

10 1074 11 1089 ’
125 1065 280 1138 Iudaicum
301 1063 443 1125 ediscunt
463 1071 496 1125 et
516 1070 639 1124 servant
658 1085 692 1125 ac
712 1071 853 1125 metuunt
871 1068 935 1143 ius,

125 1148 274 1210 Tradidit
293 1168 403 1209 arcano
426 1147 639 1228 quodcumque
659 1147 813 1208 volumine
833 1149 964 1226 Moses,

10 1260 11 1317 q
124 1233 195 1294 Non
216 1239 387 1293 monstrare
408 1234 486 1311 vias,
508 1232 616 1292 eadem
637 1234 699 1292 uisi
719 1251 805 1292 sacra
826 1232 957 1308 colenti,

126 1318 305 1394 Quaesitum
326 1316 364 1377 ad
384 1318 503 1378 fontem
521 1315 602 1376 solas
622 1315 778 1376 deducere
796 1334 917 1397 verpoa.

126 1401 191 1461 Sed
210 1407 300 1482 pater
320 1403 354 1460 in
375 1420 480 1479 causa,
502 1402 551 1461 cui
571 1403 700 1481 septima
722 1418 859 1479 quaeque
878 1401 938 1460 fuit
955 1399 1006 1462 lux
1096 1412 1146 1465 1⁰6

124 1485 234 1564 Ignara
254 1492 288 1545 et
307 1493 427 1566 partem
447 1486 529 1545 vitae
550 1504 613 1545 nou
634 1485 737 1563 attigit
756 1483 858 1546 ullam.

167 1569 285 1649 Sponte
306 1575 409 1629 tamen
427 1571 555 1629 iuvenes
572 1569 731 1629 imitantur
751 1575 871 1628 cetera:
891 1566 987 1628 solam

10 1690 11 1699 κ
123 1653 216 1713 luviti
235 1671 356 1731 quoque
378 1655 533 1714 avaritiam
555 1670 703 1713 exercere
721 1653 875 1713 iubentur.

123 1733 222 1796 Fallit
243 1737 324 1795 enim
342 1738 447 1797 vitium
464 1739 568 1817 specie
589 1739 710 1797 virtutis
732 1742 765 1796 et
785 1737 907 1813 umbra,

126 1821 226 1895 Quum
247 1821 288 1878 sit
304 1821 395 1881 triste
414 1822 521 1881 habitu
540 1820 686 1899 vultuque
707 1827 740 1881 et
759 1829 846 1881 veste
868 1837 1023 1896 aevorum
1095 1832 1146 1886 110

125 1903 193 1962 Nec
215 1900 323 1981 dubie,
343 1909 495 1983 tamquam
515 1906 612 1984 frugi,
633 1903 775 1966 laudatur
795 1923 916 1982 avaras,

124 1986 294 2065 Tamquam
314 2006 424 2067 parcns
442 1989 532 2050 homo
553 1996 587 2049 et
606 2008 710 2050 rerum
730 1988 829 2050 tutela
848 2007 969 2049 auarum

10 2090 11 2107 ¹
124 2071 221 2131 Certa
240 2073 351 2150 magis,
374 2092 461 2151 quam
482 2076 510 2134 si
530 2075 669 2134 fortunas
691 2080 794 2135 servet
814 2071 937 2134 easdem

10 2166 11 2169 ’
122 2154 331 2234 Hesperidum
353 2175 482 2237 serpens
503 2164 554 2217 aut
574 2159 728 2221 Ponticus.
773 2158 862 2219 Adde
884 2156 966 2237 quod
983 2157 1081 2240 bunc,
1105 2157 1144 2219 de

125 2240 193 2314 Quo
210 2236 336 2317 loquor,
358 2242 515 2318 egregium
536 2242 665 2322 populus
686 2247 774 2322 putat
794 2250 885 2319 atque
906 2240 1079 2301 verendum
1094 2252 1144 2304 115

15 2320 28 2336 '‘
123 2322 301 2397 Artificem
325 2324 437 2402 qnippe
458 2324 506 2383 his
527 2332 670 2386 crescunt
688 2326 870 2408 patrimonia
887 2324 993 2387 fabris.

125 2404 190 2465 Sed
212 2412 355 2466 crescunt
375 2426 565 2488 quocumque
585 2409 694 2489 modo,
714 2411 890 2488 maioraque
910 2409 989 2467 fiunt

123 2488 238 2550 lncnde
261 2490 381 2550 assidua
402 2510 585 2571 semperque
607 2494 735 2554 ardente
758 2495 883 2555 camino.

122 2573 165 2637 Et
184 2579 275 2654 pater
296 2593 369 2653 ergo
390 2578 481 2636 animi
501 2576 603 2639 felicia
624 2579 725 2639 credit
745 2578 873 2639 avaros?

123 2658 185 2734 Qui
206 2659 357 2718 mirantur
378 2678 471 2739 opes,
492 2662 526 2721 hi
546 2662 630 2722 nulla
651 2661 791 2742 exempla
808 2664 894 2724 beati
1094 2671 1145 2727 12⁰

120 2741 273 2821 Pauperis
292 2762 361 2803 esse
382 2750 510 2824 putant,
530 2749 656 2807 iuvenes
677 2749 855 2826 hortantur,
875 2746 1015 2809 utillum

10 2844 11 2857 ¹
120 2825 173 2887 lre
194 2828 272 2885 viam
291 2834 423 2907 pergant
443 2836 476 2887 et
497 2829 598 2891 eidem
616 2833 793 2892 incumbere
816 2837 928 2892 sectae.

10 2952 13 2970 r
121 2909 204 2971 Sunt
224 2911 370 2989 quaedam
391 2913 534 2973 vitiorum
554 2914 722 2975 elementor
744 2917 793 2975 bis
812 2918 954 2996 protinus
974 2916 1044 2978 illos

10 2986 13 3013 ³
119 2993 234 3055 imbuit
256 3002 289 3054 et
309 2998 391 3075 cogit
407 2998 546 3057 minimas
566 2998 706 3059 ediscere
714 2999 844 3060 mordes.

119 3076 199 3139 Mox
220 3080 400 3156 acquirendi
419 3079 511 3140 docet
531 3083 835 3145 insatiabiieuotum.
1093 3091 1144 3146 125

121 3161 290 3223 Servorum
311 3171 435 3225 ventres
455 3164 558 3225 modio
580 3169 709 3249 castigat
727 3170 851 3248 iniquo,

117 3245 193 3325 Ipse
208 3264 329 3324 quoque
342 3251 498 3325 eauriens3
518 3253 714 3330 nequeenim
734 3255 835 3312 omnia
853 3253 984 3313 sustinet
1004 3268 1145 3330 umquam

120 3329 249 3391 Muoida
268 3328 404 3390 caerulei
424 3335 511 3413 panis
532 3354 712 3396 consumere
731 3337 845 3414 frusta,
1063 3345 1065 3348 ‘

119 3413 311 3474 Hesternum
334 3414 443 3477 solitus
465 3417 566 3479 medio
587 3438 710 3479 seruare
731 3418 860 3480 minutal

121 3496 317 3580 Septembri,
337 3519 478 3562 necnon
500 3503 628 3565 differre
645 3504 679 3564 iu
699 3510 839 3584 tempora
859 3521 974 3567 coenae
1095 3510 1148 3565 100
