2530 3900
428 250 630 316 SA'l'll'tA
660 252 711 317 Vl.

50 426 137 502 Quae
155 425 236 504 fugit
256 444 274 482 a
293 421 392 482 sexui
411 423 494 482 sires
516 429 602 482 amat.
633 421 720 482 Haec
739 429 843 484 temen
862 427 929 507 ipsa

48 510 107 572 Vir
128 508 229 569 nollet
248 507 339 581 lieri3
359 525 428 565 nam
450 505 598 585 quantula
617 513 723 566 nostra
743 507 897 589 voluptas!

49 592 146 670 Quale
167 592 263 652 decus
284 606 407 670 rernm,
429 592 456 650 si
477 592 614 669 coniugis
636 591 736 650 auotio
757 593 828 670 ilat,
1028 600 1081 655 255

47 676 179 737 Balteus
195 683 232 736 et
251 676 386 735 manicae
407 681 442 734 et
461 675 575 734 cristre
597 675 758 753 crurisque
781 677 900 737 sinistri

47 760 219 821 Dimidium
239 765 380 837 tegmem
401 756 453 818 vel
476 759 502 818 si
524 757 645 818 diversa
665 761 800 819 movebit

46 843 192 922 Proelia,
213 849 246 902 tu
266 842 357 919 felix,
380 860 488 901 ocreas
507 841 663 902 vendente
683 841 801 922 puella!

49 929 121 988 Hae
140 933 226 1004 sunt,
245 945 322 1005 quae
340 927 429 986 tenui
449 924 560 985 sudant
579 928 613 985 in
632 924 779 1004 cyclade,
800 948 927 1005 quarum

50 1010 187 1072 Delicias
207 1016 238 1071 et
257 1009 442 1091 panniculus
462 1011 663 1089 bombycinus
683 1010 756 1073 urit.
1027 1020 1080 1075 noo

50 1096 183 1177 Aspice,
205 1114 265 1175 quo
285 1095 414 1154 fremitu
431 1100 617 1154 monstratos
637 1093 778 1173 perierat
798 1095 893 1174 letus,

49 1178 92 1242 Et
113 1186 226 1259 quanto
248 1177 356 1257 galeae
378 1184 522 1238 curvetur
542 1175 699 1258 pondere,
721 1184 833 1255 quouis

49 1263 222 1344 Poplitibns
244 1261 354 1323 sedent
372 1281 461 1341 quam
483 1261 579 1321 denso
597 1260 691 1321 inscia
712 1261 812 1340 libro,

49 1348 90 1408 lit
109 1346 194 1426 ride,
214 1348 325 1428 positis
346 1347 503 1426 scaphium
525 1362 617 1424 Qum
635 1348 767 1406 sumitur
786 1348 886 1408 umis.

48 1432 150 1492 Dicite
171 1451 225 1491 vos
245 1448 286 1490 ne
307 1436 357 1490 tes
375 1429 488 1510 Lepidi
509 1431 632 1489 caecive
653 1428 796 1507 Metelli,
1023 1438 1076 1496 256

51 1515 188 1594 Gurgitis
211 1521 262 1575 aut
281 1444 388 1592 dabit,
410 1532 488 1594 qnae
507 1511 591 1573 ludis
612 1515 758 1573 sumserit
778 1532 920 1593 umquam

49 1598 114 1659 llos
133 1600 273 1673 babitns3
296 1597 418 1677 quando
439 1597 478 1657 nd
498 1595 602 1677 palum
624 1599 719 1676 gemit
737 1616 814 1657 uxor
835 1598 946 1678 Asyli!

91 1682 222 1762 Semper
240 1684 334 1742 habet
353 1680 426 1741 lites
448 1679 630 1760 alternaque
649 1683 748 1760 iurgia
769 1681 884 1761 lectus,

47 1768 83 1828 lu
106 1785 167 1844 quo
188 1772 283 1845 nupta
303 1766 402 1839 iscet3
421 1767 577 1825 minimum
600 1764 750 1825 dormitur
767 1767 800 1824 iu
820 1764 885 1826 illo.

48 1851 140 1912 'l'uno
162 1850 262 1928 pavis
280 1846 335 1908 illo
354 1849 437 1924 viro,
456 1855 529 1910 tunc
551 1850 626 1908 orba
646 1847 762 1927 tigride
782 1849 888 1928 peior;
1025 1852 1077 1911 biti

48 1935 149 2011 Quum
171 1930 294 1993 simulat
313 1933 443 2010 gemitus
463 1932 576 1993 occulti
597 1934 719 1993 conscia
738 1933 830 2010 isati,

47 2019 111 2078 Ant
132 2016 199 2101 odit
218 2035 348 2097 pueros,
369 2022 421 2076 snt
441 2017 513 2077 licta
534 2016 648 2097 pellice
668 2016 787 2097 plorat,

46 2102 203 2163 Uberibus
224 2118 346 2180 semper
363 2098 501 2161 lacrimis
522 2110 706 2182 semperque
727 2102 843 2181 paratis
909 2096 920 2123 ⁰

45 2185 82 2246 ln
102 2187 234 2245 dadone
254 2205 307 2244 sna
327 2190 419 2262 atque
442 2187 689 2265 exspectsrqtibus
707 2185 807 2263 illam,

48 2270 117 2346 Quo
137 2271 242 2329 iubeat
263 2284 385 2329 manare
406 2267 514 2328 modo:
536 2277 570 2329 tn
591 2269 694 2329 eredis
715 2286 864 2345 amorem,
1021 2276 1074 2331 275

48 2353 101 2414 'l’u
119 2354 179 2412 tibi
198 2359 287 2430 tunc,
308 2370 455 2431 curruca,
476 2353 580 2433 places
601 2355 770 2430 fletumque
790 2350 914 2412 labellis
1061 2340 1066 2352 ’

47 2436 219 2514 storbes,
243 2454 318 2517 quae
338 2438 454 2517 scripta
475 2444 508 2497 et
529 2443 604 2516 quot
622 2436 743 2496 lecture
762 2433 913 2513 tabellas,

48 2520 81 2581 Si
104 2522 161 2580 tibi
179 2517 339 2601 zelotypae
360 2527 541 2599 retegantur
564 2521 676 2580 scrinia
696 2519 858 2579 moechae!

48 2602 112 2665 Sed
132 2605 214 2665 iacet
231 2606 264 2664 in
285 2604 367 2664 servi
388 2604 596 2685 complexibus
618 2611 669 2665 snt
689 2604 811 2683 equitis.
847 2603 921 2682 Dic,
1050 2614 1054 2621 '

47 2688 104 2749 Dic
125 2687 274 2768 aliquem,
295 2687 405 2764 sodes,
426 2686 494 2767 dic,
518 2686 722 2766 Quintiliane,
743 2685 895 2748 colorem!
1021 2694 1075 2750 280

47 2772 233 2848 Haeremus3
256 2771 305 2832 dic
325 2773 407 2850 ipsa!
440 2772 522 2833 olm
544 2778 746 2851 cpuvenerst,
768 2773 885 2850 inquit,

47 2852 90 2917 iit
109 2856 231 2916 faceres
252 2863 303 2933 tu,
325 2854 407 2935 qnod
427 2855 540 2934 velles,
559 2874 618 2917 nec
639 2874 701 2916 non
721 2874 779 2934 ego
801 2873 923 2936 possem

45 2937 212 3018 indulgere
231 2941 321 3000 mibi:
342 2937 455 2998 clsmes
473 2937 550 3000 licet
570 2946 604 3001 et
623 2959 708 3001 mare
727 2936 817 3000 coelo

47 3023 241 3103 Confundas,
262 3024 352 3083 homo
374 3043 448 3083 sum.
485 3022 571 3083 Nihil
593 3032 641 3085 est
661 3022 804 3084 andscius
823 3022 888 3084 illis

44 3107 230 3188 Deprensis:
250 3108 329 3167 iram
350 3114 443 3187 atque
463 3108 579 3177 animos
602 3128 619 3169 a
641 3110 769 3168 crimine
790 3112 921 3168 sumunt
1021 3112 1074 3170 285

42 3189 136 3253 Unde
157 3193 235 3253 haec
255 3198 394 3252 monstro
413 3197 516 3252 tamen
535 3190 586 3251 vel
606 3212 667 3271 quo
688 3192 728 3252 de
748 3192 853 3270 fonte,
870 3190 1032 3270 requiris?

43 3274 227 3337 Praestabat
247 3279 345 3335 castas
366 3275 490 3337 humilis
510 3276 635 3335 lorinus
648 3276 772 3336 Lstiuas

45 3358 220 3438 Quondam,
241 3376 301 3419 nec
321 3359 404 3419 vitiis
424 3360 562 3440 contingi
581 3376 674 3440 parvo
694 3360 836 3419 sinebant

46 3442 145 3504 'l'ects
165 3442 253 3504 lobor
273 3443 431 3521 somnique
452 3446 563 3505 breves
584 3450 617 3502 et
637 3441 754 3503 vellere
777 3442 880 3502 Tusco

44 3524 182 3590 Vexatae
205 3524 362 3603 duraeque
382 3546 487 3589 manus
508 3548 544 3589 ac
564 3528 721 3607 proximus
740 3526 811 3586 urbi
882 3600 922 3667 3*
