2530 3900
491 234 687 299 SATIRA
712 236 763 301 vl.

105 408 304 469 conventum
324 410 428 465 tamen
449 409 482 465 et
501 409 625 485 pectunt
644 411 679 466 et
697 404 852 486 sponsalia
869 416 976 473 nostra

106 491 314 571 Tempestate
332 508 440 569 paras,
461 490 583 566 iamque
604 510 621 549 a
639 495 767 550 tonsore
788 495 933 571 magistro

106 575 253 635 Pecteria
275 577 309 632 et
329 571 426 652 digito
447 575 558 652 pignus
578 573 712 634 fortasse
734 571 864 636 (tentatie

107 660 207 720 (terte
229 674 319 717 sanus
339 658 434 717 eras?
454 675 598 735 uxorem,
616 658 801 738 Postume,
822 659 932 721 ducis?

106 743 185 819 Dic,
207 760 265 820 qua
282 739 470 821 Tisiphone,
493 741 603 820 quihus
625 742 780 820 exagitare
802 743 959 805 colubris?

108 826 211 886 Ferre
229 830 318 906 potes
340 824 492 885 dominam
513 823 604 885 salvis
617 828 683 885 'tot
694 827 830 887 restibus
850 827 959 907 ullam,

112 910 209 986 Quum
228 915 354 989 pateant
376 908 455 969 altae
478 906 707 988 caligantesque
729 909 904 991 fenestrae,

111 993 209 1070 Quum
228 993 440 1054 tibi'vicinum
461 1011 495 1053 ae
516 994 667 1072 praebeat
687 993 836 1055 Aemilius
855 997 956 1075 pona?

108 1079 172 1137 Aut
191 1078 217 1138 si
238 1075 278 1137 de
299 1075 406 1138 multis
425 1076 530 1137 nullus
550 1076 655 1157 placet
675 1079 789 1154 exitus,
809 1077 889 1138 illud

107 1162 216 1222 Nonne
234 1167 326 1242 putes
347 1160 473 1238 melius,
495 1160 578 1241 quod
599 1167 702 1222 tecum
721 1163 811 1242 pusio
832 1160 962 1243 dormit,

105 1245 217 1324 Pusio,
241 1246 294 1325 qui
315 1252 410 1305 noctu
427 1244 630 1324 mittigat,
651 1247 748 1325 erigit
769 1267 786 1306 a
805 1252 839 1307 te

104 1328 198 1390 Nulla
216 1324 408 1391 iacenaiilic
428 1329 621 1408 munuscula3
642 1347 701 1390 nec
723 1331 880 1410 queritur,
902 1329 984 1409 quod

95 1414 147 1475 iit
166 1412 261 1474 lateri
278 1432 387 1494 parcas
408 1432 484 1490 nec,
506 1420 652 1493 quantum
668 1415 775 1493 iussit,
797 1413 948 1476 anheles?

104 1496 170 1558 Sed
190 1497 295 1578 piacet
314 1496 441 1559 Ursidio
461 1496 514 1558 lex
534 1496 627 1559 iuliae
648 1495 763 1558 tollere
786 1497 908 1561 dulcem

104 1582 232 1660 Cogitat
249 1580 400 1642 heredem
422 1583 574 1642 cariturus
595 1588 718 1642 turture
739 1590 848 1661 magno

102 1663 340 1745 Mullorumque
361 1667 443 1725 iubis
464 1671 498 1725 ot
518 1671 677 1747 captatore
695 1665 837 1728 macello.

106 1746 189 1824 Quid
207 1749 279 1808 fleri
299 1768 361 1809 nou
381 1768 474 1829 posse
494 1756 603 1830 putea,
625 1752 652 1810 si
671 1751 809 1828 iungitur
829 1749 892 1811 ulla

104 1830 257 1905 Ursidio?
277 1834 304 1892 si
323 1834 519 1894 moechorum
540 1835 717 1894 notissimus
736 1832 809 1899 oiim

106 1914 211 1978 Stulta
231 1915 366 1977 maritali
388 1919 447 1977 iam
467 1919 601 1998 porrigit
622 1938 678 1979 ora
699 1918 850 1998 capistro,

104 2001 205 2078 Quem
225 2002 321 2061 toties
341 2002 420 2062 terit
441 2003 575 2083 perituri
594 2004 671 2064 cista
691 2000 817 2064 Lotini?

104 2083 203 2163 Quid,
225 2084 308 2164 quod
330 2092 364 2147 et
383 2088 519 2165 antiquis
535 2105 612 2150 uxor
633 2087 674 2148 rie
688 2089 826 2150 moribus
845 2083 895 2148 illi

105 2170 296 2246 Quaeritur?
317 2190 335 2229 o
355 2170 486 2248 medici,
508 2170 641 2232 mediam
656 2171 982 2252 pertunditevenam!

95 2251 239 2313 noticias
261 2254 409 2314 hominist
431 2254 599 2336 Tarpeium
619 2256 716 2316 limen
737 2254 830 2315 odore

103 2336 226 2438 Pronus
246 2344 280 2397 et
300 2338 564 2400 auratam‘iunoni
585 2338 681 2400 caede
702 2341 877 2415 iuvencam,

104 2420 140 2480 Si
159 2422 218 2481 tibr
240 2424 408 2501 contigerit
428 2424 537 2503 capitis
554 2430 694 2483 matrona
713 2421 828 2505 pudici.

103 2505 225 2565 Paucae
246 2503 323 2566 adeo
342 2508 469 2568 Cereris
489 2510 581 2569 vittas
599 2509 780 2587 contingere
801 2504 932 2585 dignae,

104 2590 241 2666 Quarum
260 2609 323 2650 non
343 2592 452 2651 timeat
470 2597 561 2672 pater
582 2590 694 2655 oscula.
736 2593 835 2655 Necte
855 2598 998 2650 eoronam

100 2671 249 2733 Postibus
270 2681 303 2736 et
325 2674 437 2736 densos
459 2694 517 2755 per
534 2674 639 2737 limina
660 2676 756 2738 tende
778 2675 956 2755 corymbos!

102 2758 190 2819 Unus
209 2759 351 2819 iberinae
370 2761 419 2820 vir
440 2760 577 2822 sufficit?
599 2763 684 2822 ocius
704 2760 781 2822 iilud

103 2840 330 2922 Extorquebis‚
353 2845 485 2904 uthaec
506 2844 594 2906 oculo
617 2846 825 2905 contentasit
842 2862 912 2904 uno.

102 2923 218 3003 Magno
238 2932 341 2988 tamen
361 2928 443 2988 fama
463 2934 512 2989 est
532 2929 688 2990 cuiusdam
708 2946 783 2989 rure
803 2933 934 3008 paterno

101 3008 254 3081 Viventis.
297 3012 390 3073 Vivat
411 3012 534 3091 Gabiis,
554 3019 590 3073 ut
610 3016 739 3074 vinitio
760 3030 852 3091 agro;
885 3070 889 3077 .

98 3091 195 3154 Vivat
207 3092 360 3175 uirens,
380 3102 415 3157 et
436 3093 539 3175 agelio
558 3095 635 3158 cedo
656 3104 804 3178 paterno:

102 3176 178 3252 Quis
198 3182 303 3239 tamen
322 3180 470 3259 affirmat,
491 3179 537 3240 nii
558 3187 657 3242 actum
677 3184 711 3242 in
731 3182 959 3243 montibuaaut
976 3180 1035 3243 tu'

102 3258 289 3340 Speluncis?
308 3262 384 3325 adeo
406 3272 576 3326 senuerunt
595 3266 734 3347 iuppiter
754 3272 787 3325 et
807 3265 919 3329 Most

142 3344 361 3408 Porticibusne
381 3351 440 3410 tibi
460 3352 648 3410 monstratur
666 3350 781 3411 femina
800 3355 873 3409 voto

99 3426 200 3505 mgna
216 3429 297 3489 tuo?
318 3434 424 3493 cuneis
444 3452 482 3493 au
502 3434 618 3495 habent
638 3432 812 3514 spectacula
831 3434 907 3493 totis

91 3510 193 3589 ‘Quod
213 3530 340 3577 securus
360 3534 460 3595 ames,
482 3516 624 3596 quodque
644 3515 719 3577 iude
740 3531 909 3595 excerpere
929 3512 1052 3592 possiet
