2542 3900
108 218 150 287 98
409 221 446 285 1).
469 220 558 284 lUN.
579 220 842 284 IUVENALIS

110 388 227 455 Oceani
241 393 384 450 vmonstra
404 395 438 451 et
456 389 584 449 iuvenes
603 385 718 448 vidisse
735 390 878 452 marinos.

108 473 178 535 Non
198 491 276 533 unus
296 479 416 534 mentes
437 475 532 552 agitat
551 472 655 532 furam:
676 470 732 533 llle
753 474 870 534 sororis

108 558 144 618 ln
163 556 301 619 manibus
321 554 409 618 vultu
427 554 631 619 Eumenidum
651 560 791 617 terretur
812 563 846 616 et
865 557 946 639 igni,

108 641 170 701 Hic
190 642 268 702 bove
287 658 435 722 percusso
456 641 575 718 mugire
594 640 822 717 Agamemnona
842 640 944 703 credit

109 725 173 784 Aut
192 724 338 786 ithacum.
380 725 492 785 Pascat
512 724 624 789 tunnis
644 720 722 784 lieet
741 731 834 804 atque
853 724 1001 806 lacernis,

110 807 270 870 (iuratoris
291 813 379 888 eget,
400 809 453 887 qui
472 826 580 868 navem
598 808 753 868 mercibus
773 807 883 888 implet

109 890 160 952 Ad
180 911 327 953 summum
346 890 428 953 latus
449 898 483 953 et
502 888 607 952 tubula
628 891 826 970 distinguitur
847 891 920 972 uda,

109 977 210 1053 Qupm
230 976 272 1036 sit
293 995 382 1036 causa
400 974 473 1037 mali
492 976 571 1036 tanti
592 982 625 1035 et
646 974 831 1037 discriminis
852 977 942 1039 huius

110 1060 274 1120 Goneisum
294 1067 454 1139 argentum
474 1060 508 1120 in
527 1058 635 1119 titulos
654 1060 811 1140 faciesque
831 1061 971 1131 minutas.

111 1143 287 1204 Occurrunt
301 1146 400 1204 nubes
421 1151 455 1205 ct
473 1141 611 1222 fulgura:
633 1142 744 1204 solvite
765 1145 887 1223 funem,

109 1227 271 1289 Frumenti
288 1227 428 1287 dominns
451 1227 560 1286 elamat
578 1228 758 1307 piperisque
780 1234 955 1308 coemptor,

109 1308 162 1371 Nil
184 1309 271 1372 color
290 1312 342 1371 bic
362 1309 457 1386 coeli,
478 1309 525 1371 nil
545 1310 640 1370 fascia
660 1311 748 1389 nigra
768 1314 918 1388 minatur3

109 1395 269 1455 Aestivum
289 1399 385 1456 tonat.
428 1392 618 1454 lnfelimlrac
638 1394 770 1455 forsitan
790 1396 857 1476 ipsa

109 1476 209 1538 Nocte
231 1474 321 1538 cadet
339 1478 447 1538 fractis
466 1479 619 1556 trabibus,
639 1480 797 1558 fluctuque
817 1486 977 1560 premetur

110 1560 247 1622 Obrutus
268 1568 302 1622 et
322 1581 428 1623 uenam
447 1560 535 1623 laeva
554 1578 720 1642 morsuque
742 1564 871 1627 tenebit.
903 1604 907 1607 -

110 1643 175 1707 Sed
196 1647 281 1706 cuius
300 1647 380 1706 rotis
395 1643 491 1706 modo
511 1665 574 1706 non
595 1647 763 1707 suffecerat
783 1666 907 1726 aurum,

110 1728 202 1807 Quod
222 1729 325 1808 Tagus
346 1735 380 1790 et
400 1728 494 1791 rutila
509 1727 610 1803 ¹voluit
628 1729 774 1791 Pactolus
794 1748 903 1810 arena,

107 1812 237 1892 Frigida
256 1813 412 1875 sufficient
431 1814 570 1875 velantes
589 1815 715 1892 inguina
734 1816 829 1895 panni
935 1844 940 1855 x

108 1896 306 1977 Exiguusque
328 1899 431 1975 cibus,
453 1916 554 1958 mersa
575 1904 643 1958 rate
664 1899 828 1977 naufragus
850 1915 948 1959 assem

108 1981 188 2042 Dum
205 1986 296 2059 rogat
315 1987 349 2040 et
367 1981 452 2061 picta
471 2000 505 2042 se
525 1974 709 2061 tempestate
729 1988 843 2043 tuetur.

152 2064 263 2125 Tantis
283 2069 373 2143 parta
389 2063 476 2124 malis
497 2084 569 2124 cura
589 2066 705 2124 maiore
725 2071 871 2144 metuque
1001 2092 1007 2104 ¹

110 2146 287 2208 Servantur.
326 2146 445 2207 Misera
463 2153 513 2208 eat
532 2149 633 2226 magni
653 2147 792 2209 custodia
813 2151 937 2210 census!

108 2230 273 2312 Dispositis
293 2229 455 2310 praedives
474 2232 571 2292 hamis
591 2229 720 2311 vigilare
738 2234 898 2293 cohortem
949 2254 952 2262 ·

110 2314 275 2377 Servorum
295 2322 389 2376 noctu
408 2315 533 2385 Licinus
552 2317 656 2394 iubet,
677 2317 824 2377 attonitus
845 2336 902 2397 pro

108 2397 237 2462 Electro
258 2399 415 2478 signisque
435 2401 498 2460 suis
518 2399 715 2480 Phrygiaque
736 2399 875 2461 columna

108 2484 212 2562 Atque
235 2483 330 2542 ebore
349 2491 383 2543 et
402 2481 466 2543 lata
486 2483 652 2544 testudine.
695 2483 784 2545 Dolia
804 2483 880 2544 nudi

107 2566 178 2628 Non
199 2564 310 2625 ardent
328 2566 453 2645 Cynici3
474 2569 502 2627 si
520 2567 671 2647 fregeris,
693 2568 792 2628 altera
810 2569 867 2628 fiet

109 2651 186 2711 iiras
207 2647 331 2726 domus,
353 2655 445 2729 atque
466 2650 575 2730 eadem
589 2650 719 2732 plumbo
740 2652 899 2713 commissa
914 2651 1057 2713 manebit.
1079 2658 1133 2714 310

110 2732 216 2794 Sensit
233 2729 425 2812 Alexander,
446 2739 527 2795 testa
549 2754 640 2814 quum
660 2735 738 2795 vidit
757 2737 791 2795 ln
810 2733 866 2796 illa

107 2817 254 2896 Magnum
274 2817 495 2897 habitatorem,
517 2824 629 2898 quanto
649 2818 774 2879 felicior
793 2820 860 2897 luio,
883 2820 935 2898 qui

107 2899 160 2962 Nil
180 2908 324 2981 cuperet,
347 2919 437 2981 quam
457 2905 510 2983 qui
529 2908 627 2964 totum
647 2904 707 2964 sibi
727 2908 873 2984 posceret
894 2904 1017 2981 orbem,

106 2985 257 3048 Passurus
277 2988 372 3063 gestis
392 2986 548 3065 aequanda
567 2986 706 3067 pericula
724 2989 826 3048 rebus.

106 3066 233 3131 Nullum
253 3087 366 3130 numen
386 3071 498 3150 habes,
520 3073 546 3132 si
568 3074 609 3131 sit
628 3069 809 3152 prudentia;
830 3068 886 3130 sed
906 3075 940 3130 te
1079 3077 1133 3131 315

106 3152 171 3216 Nos
191 3153 335 3232 facimus,
352 3153 506 3235 Furtuna,
528 3153 625 3217 deam.
668 3155 817 3217 Mensura
833 3160 937 3214 tamen
959 3171 1037 3234 quae
1128 3150 1131 3154 ’

108 3236 250 3298 Sufficiat
270 3247 395 3316 census,
410 3239 444 3299 ui
466 3239 533 3317 quia
553 3256 602 3298 me
621 3237 777 3318 consulat,
798 3235 901 3299 edamz

106 3321 305 3398 inquantum
326 3322 395 3381 sitis
416 3329 508 3401 atque
529 3323 626 3383 fames
648 3328 681 3382 et
699 3323 817 3400 frigora
836 3326 984 3403 poscunt,
1262 3324 1263 3345 l

107 3404 276 3483 Quantum,
296 3405 447 3485 Epicure,
467 3407 525 3466 tibi
545 3406 646 3486 parvis
667 3407 789 3467 anifeoit
808 3407 842 3466 in
862 3406 978 3486 hortis,

108 3487 261 3563 Quantum
282 3487 432 3550 Socratici
453 3496 603 3570 ceperunt
622 3496 693 3551 ante
712 3496 851 3571 penates.
1077 3496 1137 3551 320
1249 3512 1263 3589 ᾗ
