2530 3900
139 245 163 310 4
437 245 474 306 l).
493 242 585 307 IUN.
607 242 874 307 invehatis

140 415 228 496 Ipsos
249 413 458 493 Troiugenum
478 431 548 472 nam
568 417 681 472 vexant
699 409 798 472 limen
817 417 852 472 et
872 413 933 493 ipsi
1123 420 1181 476 100

140 498 315 560 Nobiscum.
349 499 396 559 lia
415 497 576 573 Praetori,
596 494 636 555 da
654 495 768 556 deinde
791 495 947 557 Tribuno!

141 580 206 643 Sed
226 580 393 643 libertinus
413 581 501 662 prior
522 585 580 641 est.
602 579 711 658 Prior,
733 581 850 660 inquit,
870 598 929 659 ego
949 578 1064 644 adsum.

141 667 206 730 Gur
226 667 350 727 timeam
371 664 551 735 dubitemve
567 663 670 724 locum
691 663 880 743 defendere,
902 665 1037 743 quamvis

140 750 236 812 Natus
259 749 298 811 ad
318 750 525 829 Euphratem,
545 746 657 809 molles
680 747 762 828 quod
782 750 817 809 in
838 743 912 809 a'ure
933 749 1092 809 fenestrae

139 836 326 915 Arguerint,
347 831 424 894 licet
443 833 512 913 ipse
532 832 667 911 negem?
688 831 746 893 sed
767 834 902 913 quinque
918 834 1067 893 tubernac
1121 840 1174 895 105

141 918 372 996 Quadringenta
392 922 512 997 parant.
533 914 616 994 Quid
638 917 762 978 confert
782 937 920 999 purpura
941 918 1037 978 maius

141 1001 333 1084 optandum,
355 1002 382 1061 si
402 1001 552 1061 Laurenti
573 1000 709 1062 custodit
723 1003 757 1062 in
777 1020 851 1080 agro

140 1085 317 1153 conductas
338 1086 489 1146 Corvinus
508 1086 602 1146 oves?
624 1103 682 1164 ego
702 1085 847 1167 possideo
868 1083 940 1166 plus

139 1169 279 1230 Pallante
301 1175 335 1230 et
350 1169 482 1230 Licinis:
504 1177 688 1250 exspectent
709 1189 783 1250 ergo
806 1170 953 1231 Tribuni!

139 1254 275 1316 Vineaut
294 1252 436 1331 diutine,
458 1272 546 1314 sacro
567 1273 626 1315 nec
647 1253 738 1315 cedat
760 1255 888 1333 honori,
1120 1261 1172 1313 110

138 1337 246 1419 Nuper
265 1339 299 1398 in
318 1339 398 1398 hanc
419 1338 529 1399 urbem
548 1337 680 1418 pedihus
702 1340 754 1418 qui
774 1344 904 1399 venerut
924 1335 1018 1398 albiae

138 1419 395 1501 Quandoquidem
412 1424 497 1482 inter
516 1441 574 1483 nos
592 1425 784 1484 sanctissima
805 1422 979 1483 divitiarum

138 1506 306 1580 Maiestas3
328 1507 388 1567 etsi
408 1506 533 1567 funesta
553 1508 684 1588 pecunia
704 1506 820 1588 templo

137 1589 280 1651 Nondum
300 1591 436 1669 habitas,
458 1589 557 1651 nullas
577 1610 769 1652 nummorum
790 1592 943 1652 ereximus
964 1610 1049 1670 aras,

136 1675 181 1735 Ut
203 1673 317 1735 colitur
337 1675 401 1735 Par
421 1681 513 1753 atque
533 1674 646 1753 Fides,
668 1676 822 1754 Victoria,
844 1676 966 1752 Virtus,
993 1708 996 1714 ·
1069 1692 1075 1707 ·
1118 1680 1166 1735 115

137 1758 285 1838 Quaeque
306 1757 438 1820 salutato
461 1760 595 1840 crepitat
616 1760 791 1820 Concordia
809 1758 893 1822 nido.

179 1842 243 1905 Sed
265 1863 357 1923 quum
377 1863 511 1904 summus
532 1845 633 1904 honor
653 1845 742 1904 linito
765 1849 922 1924 computet
941 1860 1037 1920 anno,

136 1926 282 2007 Sportula
301 1927 377 2007 qnid
397 1928 533 2005 reiernt,
557 1935 703 2006 quantum
724 1929 893 1988 rationibus
910 1926 1017 1987 addet:

136 2009 219 2087 Quid
237 2011 355 2071 facient
375 2013 522 2088 comites,
541 2012 651 2089 quibus
672 2012 745 2071 hinc
766 2017 854 2089 toga,
874 2009 994 2072 calceus
1013 2011 1086 2071 hinc
1108 2016 1158 2070 est
1256 2046 1257 2079 ,

134 2090 177 2156 ht
196 2095 285 2176 panis
305 2095 469 2174 fumusque
491 2093 597 2154 domii
618 2094 800 2155 densissima
821 2101 947 2155 centum
1118 2103 1170 2156 110

135 2176 329 2255 Quadrantes
349 2176 463 2245 lectica
483 2179 578 2260 petit,
601 2181 803 2259 sequiturque
821 2181 963 2239 maritum

134 2261 293 2341 Languida
312 2260 363 2322 vel
384 2277 556 2343 praegnans
576 2269 611 2322 et
630 2263 869 2324 circumducitur
890 2284 976 2324 uxor.

132 2345 196 2407 Hie
216 2348 297 2428 petit
315 2349 455 2425 absenti,
475 2354 549 2407 nota
561 2348 622 2408 iam
644 2345 775 2408 callidus
797 2353 882 2425 arte,

134 2430 312 2492 Ostendens
332 2451 457 2492 vacuam
477 2438 511 2492 et
531 2429 666 2492 clausam
686 2452 744 2513 pro
766 2434 896 2511 coniuge
918 2429 1036 2494 sellam.

134 2513 225 2576 Galla
242 2535 311 2576 mea
333 2521 398 2593 est,
416 2517 526 2595 inquit.
562 2518 662 2578 Citius
685 2517 823 2592 dimitte3
843 2516 997 2577 moraris?
1117 2524 1169 2578 125

132 2597 247 2659 Proier
269 2598 359 2659 Galla
379 2606 479 2679 ceput.
511 2598 585 2659 Noli
605 2619 734 2680 vexare,
758 2602 898 2681 quiescit.

175 2683 246 2763 lpse
265 2682 333 2744 dies
353 2681 486 2763 pulchro
509 2683 710 2764 distinguitur
731 2685 842 2746 ordine
863 2703 983 2744 rerum:

131 2765 295 2847 Sportula,
317 2765 433 2828 deinde
452 2768 554 2828 forum
573 2769 713 2849 iurisque
733 2771 854 2849 peritus
876 2767 990 2850 Apollo

131 2851 237 2928 Atque
257 2849 478 2933 triumphales,
498 2853 584 2912 inter
605 2874 679 2932 quas
701 2874 791 2916 rusus
811 2856 928 2915 habere

132 2932 245 2995 Nescio
268 2937 336 3014 quis
356 2934 466 2997 titulos
484 2937 656 3017 Aegyptius
678 2945 771 3018 atque
792 2939 1003 3015 Arabarches,
1116 2940 1171 2995 leo

133 3019 228 3079 Gaius
251 3018 290 3078 ad
311 3020 447 3100 effigiem
468 3039 531 3079 non
551 3028 667 3082 tantum
688 3025 807 3084 meiere
828 3024 876 3083 ias
897 3029 954 3084 est.

130 3101 304 3165 Vestibulis
325 3105 440 3166 abeunt
458 3111 583 3165 veteres
602 3105 739 3187 lassique
761 3106 894 3167 clientes

129 3186 274 3268 Votaque
296 3185 471 3271 deponant,
492 3208 672 3269 quamquam
691 3191 869 3270 longissima
890 3208 1005 3250 coenae

130 3270 210 3352 Spes
230 3273 361 3333 homini:
384 3271 480 3334 caulis
500 3274 623 3335 miseris
643 3282 736 3355 atque
756 3277 837 3355 ignis
853 3274 1010 3335 emendus.

130 3354 254 3435 Optima
277 3355 422 3419 silvarum
440 3360 563 3419 interea
581 3357 746 3439 pelagique
766 3361 888 3420 vorabit
1113 3361 1167 3418 13⁵

128 3437 196 3499 Rex
213 3441 339 3521 horum,
361 3445 526 3522 vacuisque
546 3445 626 3504 toris
646 3449 765 3503 tantum
784 3445 851 3525 ipse
873 3443 996 3504 iacebit.

127 3520 204 3585 Nam
226 3523 265 3586 de
286 3533 336 3588 tot
355 3525 494 3610 pulchris
515 3532 548 3586 et
567 3524 641 3588 latis
663 3528 789 3587 orbibus
810 3536 844 3590 et
863 3535 926 3590 tem
